2914 4926
353 431 403 512 6-6

297 645 409 758 tium,
435 641 576 746 quihus
586 637 754 746 expedit,
771 636 1021 742 significamus
1036 603 1231 723 universis
1248 661 1260 716 :
1290 640 1393 741 quod

298 769 387 831 eum
413 753 519 854 regia
534 749 749 856 benignitas
771 743 963 848 quandam
992 746 1286 854 possessionem
1315 747 1392 825 be-

202 894 204 902 ·
300 861 653 949 zeniczevocatam,
681 855 999 930 incomitata
1025 853 1222 956 Pose'ga
1259 856 1391 930 exis-

280 986 382 1053 ,ten
398 981 496 1040 tem
512 1017 524 1058 ,
542 991 613 1069 per
638 955 867 1066 Magistrum
882 959 1184 1054 cruciferorum,
1196 955 1390 1064 Magistro

296 1073 502 1150 Dominico
523 1070 637 1146 titulo
653 1069 836 1174 praedioli
859 1068 1050 1162 collatam,
1065 1067 1265 1171 Magistris
1287 1066 1390 1143 Tho-

229 1241 232 1248 ·
295 1207 382 1260 mae
399 1195 438 1256 et
453 1179 678 1274 Demetrio,
699 1173 789 1252 liliis
809 1173 964 1280 Kupse,
993 1174 1324 1252 vicecomitibus·
1344 1174 1389 1252 de

296 1285 469 1388 Posoga,
500 1281 755 1361 mediantibus
788 1284 867 1358 suis
906 1281 1051 1376 literis,
1094 1285 1388 1384 praenominato

299 1393 484 1496 Magistro
502 1392 707 1468 Dominico
722 1415 811 1467 cum
829 1392 932 1467 omni
945 1387 1181 1494 plenitudine
1197 1391 1261 1462 sui
1283 1392 1386 1482 iuris,

298 1515 339 1578 ct
362 1501 576 1606 quantitate
595 1487 762 1576 statuere
788 1499 1064 1604 praecepisset,
1099 1512 1139 1572 et
1172 1495 1271 1572 dum
1298 1495 1384 1572 dicti

168 1609 173 1614 ’
296 1607 368 1684 filii
394 1605 528 1710 Kupse
548 1607 700 1706 regium
727 1619 964 1704 exequentes
991 1602 1233 1694 mandatum,
1263 1604 1386 1708 ipsam

293 1713 577 1822 possessionem
592 1708 802 1787 Bezeniche
827 1711 953 1788 eidem
980 1709 1164 1810 Magistro
1178 1709 1385 1788 Dominico

222 1875 225 1886 ·
295 1837 460 1900 statuere
481 1817 717 1912 voluissent,
734 1817 901 1893 lacobus
919 1811 1022 1892 filrus
1042 1815 1348 1912 bartholomaei,
1365 1845 1384 1892 r

288 1925 502 2004 'statutione
520 1921 720 2002 cuiusdam
744 1924 953 2030 particulae
981 1923 1101 2030 ipsius
1119 1926 1382 2032 possessionis,

293 2035 468 2135 Turgusa
486 2049 663 2126 vocatae,
690 2047 873 2139 exceptae
899 2027 948 2108 ab
974 2027 1120 2126 eadem,
1142 2032 1382 2134 nominesui

276 2143 391 2216 'iuris
404 2137 559 2216 eosdem
573 2135 843 2246 prohibuisset,
852 2135 993 2242 quihus
1013 2137 1173 2242 praefati
1185 2137 1256 2213 filii
1271 2137 1381 2240 Kup-

292 2254 344 2322 se'
363 2263 513 2323 octavas
534 2243 857 2323 festi'Nativitatis
871 2243 913 2321 B.
929 2245 1085 2320 ioannis
1099 2245 1299 2350 Baptistae
1312 2271 1379 2348 pro

290 2337 460 2428 lermino
481 2353 521 2424 in
540 2353 876 2458 regiapraesentia
894 2352 1140 2457 comparendi
1165 2375 1237 2458 per
1254 2353 1380 2430 literas

290 2459 502 2536 eorundem
521 2461 772 2570 assignassent
801 2457 998 2558 (sequitur
1027 2485 1228 2564 processus
1263 2460 1379 2550 iuris,

292 2567 478 2647 exhibitio
496 2563 841 2643 documentorum.
868 2568 910 2640 in‘
929 2567 1055 2671 specle
1085 2569 1203 2640 trium
1230 2570 1380 2671 parium

291 2675 596 2782 privilegiorum.
611 2673 848 2750 honorabilis
875 2673 1041 2776 Capituli
1053 2671 1101 2750 de
1110 2673 1282 2776 Posega)
1301 2672 1381 2748 Nos

271 2773 413 2884 'igitur
436 2797 484 2856 ex
505 2795 639 2863 tenore
662 2793 862 2856 tantorum
880 2779 1116 2858 evidentium
1136 2780 1381 2856 instrumen·
1452 2821 1454 2826 ·

259 2901 274 2956 t
293 2906 445 2981 torum,
477 2911 644 2988 quorum
671 2913 792 2966 unum
819 2885 878 2962 ad
897 2901 1022 2964 tantae
1049 2886 1261 2990 particulae
1298 2904 1379 2964 ter-

292 3023 358 3070 rae
379 2981 711 3070 conservationem
729 2994 815 3068 satis
828 2993 958 3070 efficax
974 3019 1055 3073 esse
1070 2993 1378 3096 dignosceretur:
1439 3009 1446 3020 '

244 3107 247 3116 ⁴
294 3099 511 3207 supradicto
530 3096 684 3196 Jacobo,
702 3097 780 3174 filio
795 3099 1089 3198 Bartholomaei,
1103 3099 1380 3210 deinreagno·
1447 3095 1451 3103 ’

147 3199 166 3230 ”
295 3221 443 3283 scentes
460 3206 654 3310 pertinere
666 3229 776 3305 „una
795 3231 884 3284 oum
903 3207 1117 3304 Beronibus
1133 3279 1135 3286 ,
1154 3223 1195 3282 et
1224 3208 1378 3306 Nobili·

224 3401 228 3408 ,
293 3315 366 3392 hus
382 3311 516 3414 regni,
539 3335 587 3389 eo
606 3313 689 3387 iure
709 3327 750 3388 et
776 3339 820 3390 ea
843 3315 1051 3419 quantitate
1065 3333 1104 3392 et
1123 3315 1194 3390 suh
1207 3315 1377 3419 ipsarum

295 3438 485 3496 metarum
506 3416 839 3511 distinctionibus,
855 3421 996 3521 quibus
1027 3422 1161 3524 vigore
1191 3422 1377 3528 praealle-

198 3615 202 3626 .
283 3545 468 3630 ‘gatorum
486 3528 829 3602 instrumentorum
846 3528 1058 3606 invenimus
1084 3527 1211 3606 eidem
1229 3529 1378 3603 Jacobo

264 3633 480 3729 'attinere,
514 3632 588 3736 ipsi
628 3647 667 3708 et
693 3633 769 3710 suis
799 3631 1046 3731 haeredibus,
1088 3631 1377 3738 haeredumque

293 3763 453 3813 suorum
475 3737 760 3816 successorihus
786 3739 981 3816 iudiciaria
1002 3737 1234 3820 authoritate
1265 3741 1379 3818 adiu-

238 3851 241 3860 “
295 3845 464 3920 dicamus
498 3859 689 3953 perpetuo
718 3842 1011 3950 possidendam,
1041 3849 1281 3942 tenendam,
1308 3849 1378 3924 ha·

288 3949 467 4064 bendum.
508 3951 553 4025 ln
592 3954 701 4028 cuius
727 3955 785 4028 rei
817 3955 1040 4030 memoriam
1071 3971 1376 4060 perpetuamque
1433 3967 1434 4018 ἰ

290 4057 509 4132 ¹firmitatem
532 4076 751 4162 praesentes
778 4063 1034 4137 concessimus
1066 4063 1195 4138 literas
1222 4081 1376 4138 nostras

288 4161 565 4270 privilegiales,
591 4163 791 4266 pendentis
811 4168 927 4268 sigilli
945 4169 1066 4244 nostri
1080 4170 1375 4248 muniminero-
1433 4197 1434 4202 ¹

262 4273 452 4348 ,boratas
482 4271 623 4345 Datum
654 4271 692 4350 in
721 4273 925 4377 Vissegrid
960 4291 1098 4356 octavo
1125 4275 1188 4356 die
1220 4276 1374 4352 termini
