2914 4926
137 337 752 518 9οἺ

1012 483 1078 558 u
1297 504 1299 511 ·
1452 509 1456 578 i

287 601 417 682 multis
437 599 550 680 bonis
565 603 681 678 rebus
703 595 902 704 bulgariae
921 592 1195 680 discesserunt·
1224 603 1382 680 Deinde

285 711 430 814 egressi
448 737 569 813 usque
595 705 642 784 ad
662 727 813 812 portam
834 709 939 784 Vazil
954 713 1131 814 iverunt,
1159 724 1205 786 ct'
1225 711 1381 809 exhinc
1453 711 1456 794 ἶ

82 891 85 898 ,
284 816 429 919 egressi
450 834 591 891 terram
606 815 714 918 Racy
739 813 1056 918 subiugaverunt,
1076 815 1274 892 etducem
1296 819 1381 904 eius

92 1015 95 1022 ¹
193 953 200 964 ’
289 939 447 1028 captum
471 923 537 998 diu
568 921 685 998 ferro·
705 921 863 1022 ligatum
898 937 1114 998 tenuerunt.
1156 921 1265 998 Hinc
1283 950 1379 998 vero
1444 923 1456 942 ”

285 1030 427 1130 egressi
450 1053 572 1130 usque
590 1025 638 1104 ad
656 1053 760 1122 mare
780 1047 1060 1130 pervenerunt,
1078 1046 1117 1106 et
1145 1055 1287 1105 omnes
1307 1057 1378 1102 na-

281 1137 414 1210 tiones
430 1135 533 1212 iliius
559 1133 702 1238 patriae
722 1132 931 1236 dominatui
959 1133 1103 1240 Arpad,
1128 1133 1239 1210 ducis
1265 1135 1378 1210 Hun-

72 1247 76 1256 '
179 1295 189 1320 .
287 1265 494 1344 gererem,
513 1231 690 1343 petentes
709 1255 750 1314 et
770 1239 924 1343 pacifice
943 1243 1222 1342 suffugerant,
1253 1261 1292 1318 et
1322 1241 1376 1318 ci-

285 1349 441 1424 vitatem
454 1347 716 1450 Spaietensem
724 1365 910 1450 ceperunt
927 1363 1096 1422 ettotam
1109 1347 1139 1419 C
1153 1372 1208 1421 ro
1220 1376 1243 1419 a
1255 1363 1270 1420 t
1281 1349 1292 1418 i
1303 1376 1325 1420 a
1335 1375 1372 1420 m

287 1451 359 1530 sibi
381 1453 709 1558 subiuga-verunt,
743 1469 783 1528 et
812 1451 902 1528 inde
926 1456 1067 1556 egressi
1103 1452 1228 1526 filium
1250 1451 1373 1550 ,nobi-

287 1559 384 1636 lium
405 1561 445 1634 in
467 1561 619 1640 obsides
639 1577 893 1666 acceperunt,
914 1561 953 1635 ct
974 1562 1014 1634 in
1047 1559 1372 1660 Hungariamre-
1454 1633 1456 1650 ,

285 1666 561 1743 versisuntad
582 1669 729 1742 Ducem
756 1664 1142 1770 Arpad·-·-Bulsun²
1178 1665 1306 1758 Leiu,
1335 1677 1372 1740 et
1454 1661 1456 1668 ’

218 1863 222 1871 ¹
284 1771 475 1850 Botonde
494 1774 651 1850 Graecia
668 1771 987 1876 egressi‚silvam,
1002 1799 1100 1875 quae
1121 1789 1284 1850 vocatur
1294 1771 1393 1866 re·-
1443 1795 1456 1856 ·7

286 1894 445 1982 turgor‚
468 1879 738 1986 descendentes
771 1879 879 1954 iuxta
908 1877 1067 1956 fluvium
1095 1876 1218 1984 Cuipe
1253 1899 1373 1954 castra
1452 1925 1456 1972 Ι

285 1987 418 2066 metati
445 2002 553 2080 sunt,
574 2004 613 2064 et
633 1987 793 2086 transito
812 1985 881 2063 iilo
901 1983 1019 2060 fluvio
1044 2011 1167 2087 usque
1196 1984 1245 2058 ad
1268 1983 1370 2061 fluri-
1453 1987 1456 2056 i

285 2117 352 2168 um
375 2095 473 2168 Zara
506 2107 793 2200 pervenerunt,
814 2108 855 2168 et
882 2094 1042 2168 transito
1072 2091 1175 2166 Zara
1205 2106 1370 2166 castrum
1443 2137 1449 2148 ·

283 2191 435 2299 Zagrab
454 2216 663 2302 ceperunt,
692 2213 732 2274 et
753 2194 842 2274 hinc
868 2201 1081 2302 equitantes
1099 2215 1271 2274 castrum
1292 2195 1368 2270 Po-

287 2329 399 2404 sega,
424 2321 463 2380 et
482 2307 655 2383 Castrum
672 2304 802 2381 Vlkou
821 2322 1011 2410 ceperunt.
1031 2305 1080 2378 Et
1101 2301 1189 2378 binc
1209 2302 1364 2406 egressi,
1442 2313 1446 2324 '

284 2409 506 2488 Danubium
524 2413 694 2514 inportu
712 2411 861 2490 Graeco
883 2412 1226 2515 transnavigantes,
1240 2412 1283 2486 in
1304 2435 1368 2484 cu-

231 2605 238 2624 .
284 2516 383 2592 riam
405 2515 522 2592 Ducis
540 2514 672 2622 Arptd
685 2520 982 2621 pervenerunt.“

257 2646 260 2653 ’
379 2621 545 2699 ioannes
568 2623 928 2704 Archidiaconusde
956 2619 1131 2698 Guercbe
1151 2619 1369 2723 expeditiu-
1454 2657 1455 2660 ¹

228 2784 234 2798 ,
281 2729 342 2806 uis
365 2757 386 2804 a
407 2728 498 2806 Beia
515 2730 623 2812 Duce
639 2757 683 2810 ac
713 2731 823 2810 Rado
856 2732 1027 2808 Palatino
1063 2745 1196 2805 contra
1230 2725 1368 2802 Siaru-

285 2837 370 2912 nios
385 2857 579 2941 susceptae
599 2841 653 2912 sic
672 2839 867 2936 meminit:
889 2835 1084 2930 „Andreas
1106 2833 1194 2912 Rex
1217 2826 1369 2912 stabili·

285 2957 330 3020 tc
356 2941 428 3018 sibi
448 2933 569 3047 regno
588 2943 635 3018 de
652 2944 922 3051 recuperandis
945 2944 1054 3045 regni
1081 2938 1236 3016 iuribus
1257 2940 1367 3018 solii·
1451 2939 1454 3024 j

283 3050 381 3124 citus
400 3049 551 3130 Badum
579 3050 792 3128 Palatinum
818 3066 859 3128 et
890 3050 1023 3142 Belem
1050 3047 1209 3122 fratrem
1233 3073 1366 3141 suum,
1452 3045 1454 3134 f

280 3153 432 3232 Ducem
454 3154 673 3234 Sclaveniae
696 3159 902 3236 constituit.
940 3141 1006 3232 titi
1035 3153 1164 3258 regem
1189 3154 1366 3228 Croatiae
1452 3155 1454 3196 ³

282 3280 548 3360 coarctarunt,
570 3279 610 3340 et
632 3261 872 3342 sclavoniam
888 3263 934 3338 ad
945 3279 1099 3340 -retercs
1118 3263 1263 3337 limites
1275 3263 1362 3335 Zet·
1397 3292 1400 3298 ’
1437 3293 1453 3351 ‚t

282 3369 383 3446 tinae
411 3368 685 3446 reduxerunt.“
709 3369 827 3475 Apud
864 3367 1005 3446 Kerclt.
1034 3369 1153 3446 Notit.
1187 3368 1363 3444 Praelim·
1451 3387 1453 3452 j

134 3555 150 3580 κ
283 3477 431 3578 piot.
460 3475 578 3554 Item:
605 3477 708 3552 Dum
731 3475 910 3556 Sanctum
938 3479 1056 3554 totius
1076 3477 1295 3553 Pannoniae
1306 3502 1362 3550 re-

195 3633 200 3646 „
283 3603 370 3678 gem
389 3609 476 3679 cum
509 3586 678 3660 exercitu
705 3587 876 3690 petiisset
906 3583 1102 3662 Conradus
1131 3585 1360 3684 imperator,

282 3683 457 3762 croatiae
475 3715 542 3764 rex
565 3690 815 3768 Crescimirus
835 3691 1016 3768 Sanctum
1038 3690 1271 3794 Stephanum
1293 3689 1360 3761 ad-

280 3791 440 3868 iuvitln
452 3791 564 3884 buius
576 3798 633 3876 rei
645 3798 1160 3893 remunerationem,dumA.
1173 3795 1357 3874 MXXXI.

282 3896 479 3972 Conradus
495 3927 583 3976 cum
603 3901 796 4008 Stephano
821 3936 891 4010 per
910 3908 1233 3998 Ambasciatmes,
1252 3903 1361 3976 Hen-

208 4029 222 4108 '.
282 4003 364 4082 rico
380 4001 593 4100 adiuvante,
616 4015 892 4113 pacisceretur,
913 4041 1001 4115 pars
1018 4013 1110 4090 hacc
1127 4010 1361 4098 sclavoniae,

285 4134 384 4210 quac
408 4113 514 4212 regni
547 4127 632 4188 erat'
647 4121 863 4220 Hungarine
881 4118 986 4223 (nam
1006 4123 1110 4222 prius
1136 4116 1360 4216 adecennin

9 4215 14 4224 .
168 4331 173 4342 ,
265 4217 469 4338 Diogeni,
499 4219 595 4294 Duci
606 4219 817 4322 Sirmiensi,
832 4225 1044 4334 petebatis
1063 4229 1206 4334 Culpae
1227 4221 1275 4300 ad
1291 4219 1360 4300 Sa„

1063 4527 1075 4560 t
