2946 4912
1018 297 1019 300 Ὺ
1057 362 1132 444 145

40 614 43 624 ·
155 584 298 667 [Idem
316 585 428 682 Bela,
455 585 539 664 Rex
558 583 1008 691 iunior-‚tobagyonitus
1027 579 1064 660 S.
1084 586 1187 690 regis
1244 677 1253 692 ἃ

5 731 12 742 ·
84 687 142 769 de
161 693 299 792 Goriza
320 695 570 770 seruitiorum
587 696 727 773 merito
752 708 896 776 terram
923 693 1127 770 Klokoche'
1142 696 1185 770 in
1281 753 1288 800 ·.

86 800 1081 896 000000001100000010001οω011,ουοι010010νί010,
1094 826 1188 876 con·
1229 825 1231 830 ’
1288 822 1291 830 ’
1349 828 1356 842 ·

85 904 180 982 fert.
198 908 339 983 Datum
352 927 409 988 est
428 905 501 984 hoc
523 908 770 1014 priuilegium
783 931 855 1012 per
872 933 1007 983 manus
1021 903 1188 986 Mathiae
1232 1000 1235 1008 ι
1366 905 1371 922 ’

89 1013 310 1116 Praepositi
329 1015 490 1118 Zagrab.
520 1016 743 1102 Canceliarii
770 1015 893 1112 nostri
913 1016 959 1090 A.
989 1009 1113 1088 1224.Ι
1277 1019 1280 1024 ’

83 1145 91 1151 ’
189 1119 474 1210 Honorius'ffl.
502 1121 574 1214 ΡΡ.
601 1121 731 1212 Belem
755 1120 1057 1227 primogenitum
1088 1117 1191 1223 regis

90 1227 313 1330 Hungariae
341 1225 392 1302 ob
420 1237 579 1306 uxorem
598 1247 803 1333 receptam,
827 1228 977 1304 aPatre
1005 1252 1192 1328 persecu·
1274 1263 1277 1270 ¹
1339 1258 1343 1268 ·

91 1337 242 1412 tionem
275 1357 446 1436 passum,
473 1339 555 1438 regi
575 1333 780 1412 Bohcmiac
799 1333 1051 1424 commendat
1104 1332 1191 1408 Lat.
1313 1371 1320 1386 ·

92 1442 259 1518 XXVII.
281 1441 362 1516 Jan.
382 1442 431 1517 A.
451 1442 566 1519 1224.

142 1548 146 1554 ’
194 1546 367 1624 Andreas
392 1548 438 1621 R.
465 1547 514 1624 H.
539 1549 728 1628 Ecclesiae
745 1546 787 1624 B.
801 1530 999 1632 Michaelis
1016 1543 1065 1622 dc
1085 1546 1193 1622 insu·
1292 1532 1303 1550 “

95 1652 134 1729 la
160 1655 339 1758 leporum
354 1655 449 1754 duas
467 1659 684 1756 mansiones
706 1659 956 1731 castrensium
973 1651 1022 1730 de
1046 1653 1192 1754 Zaiga-
1213 1647 1217 1655 ’

99 1786 199 1858 geur
217 1764 259 1836 in
280 1761 374 1838 villa
398 1761 704 1858 Jened,rusticis
735 1763 893 1838 nomine
924 1777 1036 1838 tenus
1064 1757 1197 1835 oonsi-

98 1869 246 1971 gna'tis,
268 1865 397 1944 donat.
418 1867 464 1944 A.
491 1865 605 1946 1225.
625 1869 734 1973 regni
765 1885 895 1944 autem
923 1853 981 1941 sui
1012 1866 1197 1970 vigesimo

97 1973 280 2058 secundo
425 2047 430 2056 ,
646 2055 651 2064 ,
837 2034 841 2043 ,
992 1985 1005 2002 ”

66 2073 68 2078 ’
194 2079 302 2158 Idem
316 2079 491 2157 Andreas
502 2076 759 2187 possessiones
768 2078 989 2177 monasterii
1010 2075 1059 2154 de
1077 2076 1197 2156 Mon-

10 2271 16 2280 ,
100 2187 140 2264 te
161 2186 264 2280 Alto,
290 2215 361 2295 per
381 2189 573 2268 Comitem
604 2187 701 2267 Bors
733 2186 908 2283 fundati3
934 2181 1199 2264 enumeratae
1278 2179 1288 2196 “

1 2316 2 2324 ’
102 2293 314 2370 confirmat.
334 2294 380 2370 A.
417 2297 568 2372 1225..
756 2386 759 2392 .
805 2317 813 2332 ‘
992 2369 995 2378 ,
1052 2361 1055 2364 .
1128 2339 1135 2354 ·
1195 2372 1198 2388 Ι

199 2389 419 2504 Capitulum
443 2401 610 2506 Strigon.
631 2402 680 2481 de
698 2397 905 2481 cuncordia
932 2400 1036 2475 inter
1058 2395 1198 2483 Abba-

87 2506 194 2582 ·tiam
218 2503 256 2577 S.
275 2505 469 2582 Benedicti
488 2535 530 2582 ac
554 2510 821 2610 Jobagyonem
845 2508 957 2582 castri
979 2507 1072 2580 Burs
1101 2507 1200 2581 rati·
1239 2537 1241 2542 ·

101 2639 176 2689 one
201 2611 336 2688 tertiae
366 2615 483 2711 partis
504 2616 637 2690 tributi
656 2620 696 2690 in
715 2613 909 2692 Gorincha
940 2611 1113 2690 c'onfecta
1134 2630 1201 2689 te·
1253 2659 1258 2678 ι
1371 2633 1375 2644 “

75 2713 430 2797 'statunnlttd
547 2739 554 2752 ·
700 2809 704 2816 1
947 2764 953 2774 -

203 2825 267 2900 W.
287 2825 545 2926 (Vincentius)
561 2826 775 2932 Episcopus
784 2824 999 2900 Nitriensis.
1018 2827 1067 2900 A.
1086 2821 1201 2900 1226.

207 2933 414 3034 Dionysius
431 2933 568 3011 Comes
598 2932 800 3009 Palatinus.
816 2933 1069 3036 possessiones
1100 2933 1203 3007 inter
1298 2979 1300 2982 -

107 3041 281 3116 Dravum
303 3057 341 3115 et
361 3038 539 3124 Sauuma
562 3043 770 3141 Protorege
798 3038 990 3141 Stephano
1011 3038 1239 3116 acBelaI.'
1310 3073 1322 3095 .
1394 3061 1403 3086 ·

108 3145 277 3223 familiae
303 3145 431 3248 Woyk
453 3147 622 3244 donatas,
645 3146 841 3226 Sententia
861 3145 1054 3221 mediante
1089 3145 1206 3222 adiu·
1311 3125 1325 3216 .'

3 3257 4 3262 ’
109 3253 223 3328 dicat.
252 3251 396 3336 Datum
415 3282 486 3360 per
505 3277 636 3331 manus
649 3252 814 3330 Mathiae
839 3255 963 3331 nostri
977 3252 1138 3354 Notary.
1154 3233 1235 3355 Ast

4 3381 6 3446 j
114 3363 233 3436 1228.
258 3359 414 3436 Andrea
433 3364 747 3440 victoriosissimo
761 3385 875 3464 rege,
898 3360 980 3437 filio
1000 3361 1104 3448 tertii
1127 3359 1207 3436 Bc-
1260 3454 1263 3466 Ι

91 3468 170 3544 'lae
191 3483 387 3568 regnante.
586 3551 591 3558 ,
841 3542 845 3548 .

210 3573 317 3648 Idem
343 3572 515 3650 Andreas
534 3575 782 3676 praemissam
805 3573 1207 3674 Dionisysententiam

6 3740 14 3789 t
67 3771 71 3778 Ι
113 3679 345 3756 confirmat.
366 3684 509 3756 Datum
532 3707 603 3782 per
622 3707 758 3762 manus
775 3679 950 3782 Magistri
972 3680 1120 3755 Bu'lchu
1133 3707 1208 3754 au-

7 3863 8 3870 *
78 3815 95 3836 ,-
115 3785 177 3864 lac
195 3788 323 3890 regiae
340 3789 560 3863 Cancellarii
588 3805 628 3864 et
643 3788 881 3862 Jaurinensis
905 3786 1134 3893 'Praepositi
1157 3787 1205 3863 A.

115 3892 303 3971 abiasar.
326 3892 436 3970 Dom.
463 3896 579 3968 1228.
601 3895 790 3970 Venerab.
810 3909 880 3970 etc·
1368 3983 1371 3990 ι

212 4001 321 4077 idem
340 3999 515 4078 Andreas
533 4002 851 4106 perpetuitatibus
871 4001 1118 4080 castrensium
1135 4024 1207 4103 per
1252 4085 1256 4092 .

9 4105 10 4126 ³
117 4108 241 4184 filium
259 4131 371 4182 suum
386 4108 518 4184 Belam
536 4109 722 4187 revocetis
737 4123 880 4186 terram
917 4126 1229 4188 controuersam'

10 4286 14 4306 ,
119 4212 410 4322 Praepositurae
428 4215 468 4294 S.
485 4214 681 4298 Michadiis
706 4215 755 4297 de
776 4213 929 4296 Chorna
950 4213 1083 4295 deberi
1093 4211 1206 4305 adiu·-
1284 4195 1342 4249 ·’
