2914 4926
281 425 431 500 'to

322 636 425 714 dum
443 631 618 742 praeberi
641 638 852 746 postularet
871 651 946 716 etc.
968 649 1040 716 etc.
1051 623 1202 717 idcireo
1212 659 1290 714 nos
1301 631 1411 742 ipsun

323 743 607 820 restitutionem
626 763 772 838 ratam,
798 759 971 848 gratam,
998 761 1039 822 et
1058 763 1259 851 acceptam
1272 743 1411 820 baben-

281 937 283 945 ,
320 869 404 946 tes,
431 847 583 926 easdem
609 851 704 928 'duas
725 855 1047 958 partespraescri
1078 869 1211 928 torum
1245 845 1411 930 tributo·
1453 869 1455 950 j

250 978 256 998 ‘
319 982 410 1034 rum
439 957 514 1032 lori
536 947 693 1034 indicta
713 961 957 1062 possessione
979 877 1082 1036 Ezeb
1112 975 1151 1036 et
1182 975 1325 1064 portus
1342 956 1410 1033 llu-

318 1064 372 1137 vii
396 1061 545 1140 Dravae
563 1065 707 1142 ibidem
726 1068 925 1146 existentis
944 1070 985 1140 in
1005 1064 1156 1144 dictori
1172 1083 1215 1142 et
1243 1064 1335 1139 aliis
1353 1065 1409 1140 di·

249 1227 252 1234 .
320 1169 415 1248 ebus
432 1171 533 1244 intra
551 1175 802 1274 septimanam
829 1202 850 1249 a
879 1171 1170 1252 mercatoribus„
1192 1189 1336 1250 emeat
1376 1189 1409 1248 ct

120 1261 128 1285 ⁴
224 1343 233 1349 .
318 1273 574 1357 vendentibus
595 1294 634 1354 et
645 1281 697 1372 ,ab
720 1281 802 1356 aliis
822 1282 992 1358 cuiusvis
1013 1277 1142 1358 Status
1158 1293 1197 1356 et
1216 1279 1456 1354 conditio·

316 1384 375 1458 nis
396 1379 635 1478 bominibus,
665 1413 777 1468 causa
799 1385 875 1462 lori
905 1388 945 1462 in
966 1388 1093 1492 ipsam
1128 1388 1406 1492 possessionem
1454 1383 1456 1386 ’

316 1489 420 1568 Ezelt
449 1491 707 1589 venientibus,
729 1521 751 1568 a
770 1494 912 1596 quibus
930 1494 1133 1598 congruit,
1165 1491 1405 1596 exigendum,

317 1594 465 1700 absque
492 1598 640 1676 tributo
664 1601 767 1694 viae,
790 1601 1052 1704 ,relinquimus
1073 1613 1112 1676 et
1131 1600 1405 1676 committimus

317 1721 499 1794 annotato
521 1703 690 1795 Domino
708 1704 850 1784 Abbati
871 1727 910 1784 et
935 1705 1173 1784 Monasterio
1193 1705 1244 1782 de
1272 1707 1405 1782 Czika-

316 1809 411 1906 dor,
431 1813 514 1888 iure
532 1813 587 1890 eis
610 1839 658 1889 ex
678 1811 897 1920 praemissis
916 1814 1184 1910 incumbente,
1216 1831 1403 1917 perpetuo
1435 1807 1446 1825 '

317 1916 603 2024 possidendum,
625 1919 855 2016 tenendum,
878 1939 917 1997 et
936 1918 1155 1996 babendum
1176 1919 1403 1997 authoritate

315 2040 446 2101 nostra
467 2022 664 2102 iudiciaria
685 2027 901 2123 mediante,
931 2027 1036 2104 salvo
1069 2029 1155 2104 iure
1177 2026 1330 2103 alieno:
1364 2030 1402 2102 ln

169 2136 171 2144 '
288 2133 425 2210 ¹euius
456 2131 512 2207 rei
546 2137 801 2234 memoriam,
843 2133 1140 2234 firmitatemque
1179 2150 1402 2238 perpetuam

65 2251 70 2268 ⁸
170 2307 189 2325 ,
313 2255 537 2418 praesentes
564 2238 821 2337 concessimus
851 2241 977 2318 eidem
999 2242 1168 2316 Domino
1200 2239 1343 2316 Abbati
1368 2257 1402 2318 et

346 2369 414 2420 uae
432 2344 618 2424 Ecclesiae
634 2348 762 2424 literas
781 2363 940 2423 nostras·
955 2347 1211 2451 privilegialcs
1232 2347 1402 2452 pendeo-

238 2457 249 2471 '
315 2451 365 2526 tis
385 2467 425 2528 st
443 2452 655 2531 authentici
675 2453 799 2558 Sigilli
819 2457 942 2532 nostri
963 2455 1174 2536 munimine
1192 2455 1400 2532 roboratas.

315 2555 459 2668 Datum
481 2559 611 2638 Budua
631 2563 826 2666 praedicta
852 2561 1142 2665 quadragesima
1164 2557 1228 2636 die
1251 2575 1402 2638 octava-

315 2690 404 2743 rum
426 2661 522 2742 lesti-
547 2669 649 2744 beati
684 2669 839 2772 Georgii
873 2667 1056 2769 Martyris
1084 2663 1400 2772 praenotatarum.

316 2769 432 2852 Anno
455 2771 614 2870 Domini
644 2775 851 2853 millesimo
884 2775 1262 2877 quadringentesimo
1292 2779 1403 2876 quin·

315 2881 537 2986 quagesimo
560 2901 699 2984 quarto
729 2881 986 2988 supradicto.“
1012 2881 1224 2986 Originales
1253 2883 1297 2958 in
1327 2885 1403 2962 Ar-

316 2986 427 3062 ebivo
444 2987 535 3067 Exc·
563 2987 757 3066 camerae.

412 3093 448 3170 5.
470 3093 765 3174 Comitatus
800 3093 950 3204 Valpot
981 3097 1122 3172 Comes
1143 3093 1322 3174 ,lacobus
1357 3095 1402 3172 de

313 3197 479 3306 Scepus,
507 3199 632 3306 ludex
658 3205 797 3278 Curiae
823 3206 973 3306 regiae,
997 3221 1086 3311 post
1108 3202 1264 3304 longam
1296 3205 1402 3280 litem

315 3322 495 3408 quartam
505 3311 792 3413 posscssionum
806 3309 1026 3413 Pachyntba
1043 3325 1082 3386 et
1093 3307 1402 3411 Liget-Pacbyn-

314 3431 366 3506 ta,
394 3413 604 3494 Comitatus
624 3415 773 3522 Valpo,
795 3436 944 3520 partem
965 3416 1115 3510 Ioanni,
1132 3415 1213 3494 filio
1230 3415 1401 3492 Simonis

314 3519 362 3594 de
389 3521 502 3617 Gara,
519 3523 710 3600 abiudioat
728 3525 774 3601 ·Α.
796 3527 916 3612 1577:
944 3527 1047 3621 „Nos
1069 3523 1205 3602 Comes
1236 3525 1403 3599 lacobus

286 3625 363 3701 -de
394 3625 558 3736 Scepus‚
590 3630 711 3708 Iudex
734 3631 871 3707 Curiae
898 3637 1049 3738 regiae,
1070 3647 1110 3705 et
1134 3623 1402 3712 universarum

178 3731 203 3767 ⁵
282 3815 285 3820 ,
315 3731 520 3814 Civitatum
538 3737 779 3814 serenissimi
811 3764 855 3816 ao
877 3737 1069 3844 Magnillci
1094 3738 1296 3844 Principis,
1320 3739 1403 3810 Do·-

277 3917 281 3928 ,
315 3839 408 3910 mini
428 3841 626 3938 Ludovici,
648 3845 720 3919 Dei
743 3850 862 3946 gratia
884 3847 1016 3947 inclyti
1038 3847 1141 3947 regis
1165 3844 1400 3950 Hungariae,

176 3953 189 4046 J
242 4045 247 4054 ⁸
311 3943 504 4044 Potentes,
521 3978 565 4026 ac
584 3949 797 4030 Dalmatiae
818 3953 1123 4030 etc.«memoriae
1148 3949 1400 4044 commenda-

311 4077 397 4128 mus
421 4067 553 4134 tenore
575 4057 1125 4162 praesentiumsignifioantes,
1154 4059 1300 4157 quibus
1316 4083 1319 4089 ’
1333 4085 1401 4133 ex-

264 4169 273 4194 *
312 4157 435 4267 pedit,
464 4159 676 4242 universis:
699 4163 807 4272 quod
830 4167 1000 4246 Jonnnes
1028 4165 1129 4270 filius
1156 4163 1330 4246 Simonis
1357 4163 1401 4238 dc

313 4267 350 4347 S·
374 4263 572 4367 salvatore
593 4294 664 4374 pro
692 4300 732 4352 se
755 4275 1035 4376 personaliter,
1052 4299 1096 4350 ac
1115 4295 1187 4380 pro
1210 4272 1398 4382 Dionysio
