2914 4926
77 433 143 542 ’.
252 405 434 546 ¹'100

103 663 109 742 Γ
306 674 627 777 samaritanam,
642 655 1074 771 postqutmturuucss
1091 651 1401 734 astusastus-

305 805 370 865 ctu
391 803 493 861 trans
513 778 691 853 Dravauo
712 757 902 874 impetita¹
915 764 1015 840 haud
1042 760 1138 868 fuit,
1165 790 1311 866 eaquev
1328 763 1398 838 ho-

258 976 261 985 ,
307 891 463 972 diedum
486 886 601 986 viget.
627 881 729 955 Dum
754 875 820 950 illa
844 891 946 950 trans
973 871 1147 946 Dravum
1175 897 1253 976 per
1278 871 1396 968 ¹0010„

304 1019 456 1078 oensem
477 993 709 1097 Episcopum
728 999 871 1060 arctata
890 977 985 1069 luit,
1007 1005 1055 1052 an
1075 1003 1154 1052 non
1190 1004 1235 1054 se
1265 978 1396 1078 inges-

305 1103 379 1200 sit?
400 1101 448 1176 V.
468 1097 560 1174 eod.
582 1095 682 1198 Dipl.
701 1090 748 1167 ad
766 1092 812 1166 A.
837 1085 949 1161 1095.
970 1083 1040 1158 Jus
1058 1082 1298 1160 decimarum
1324 1111 1395 1160 ex·-
1418 1179 1424 1196 .

288 1203 471 1504 'taciani
489 1205 719 1282 Dioeceseor
749 1198 903 1270 affixum
926 1215 1169 1292 nequaquam
1196 1190 1299 1282 fuit,
1327 1189 1392 1266 sed

348 1313 555 1392 donatione
576 1309 682 1410 regia
701 1301 906 1411 pendebat:
925 1314 968 1374 ut
997 1297 1174 1403 exemplo
1205 1295 1393 1400 Veszpri·
1446 1337 1449 1348 ,

345 1422 457 1514 lensia
474 1415 655 1524 Episcopi
675 1425 790 1518 patet.
808 1405 973 1484 Silitcm
989 1404 1138 1480 ratione
1156 1403 1392 1479 decimarum

306 1527 593 1610 Sclaveniarum
638 1513 887 1624 perdiderant
927 1511 1107 1615 Episcopi
1137 1509 1330 1585 Boaneuis
1353 1535 1393 1584 ac

56 1717 63 1726 ,
118 1667 121 1680 ·
156 1681 157 1686 =
204 1698 206 1704 .
306 1619 729 1740 Quinquecclesientis,
754 1619 896 1696 factum
918 1615 992 1694 hoc
1011 1617 1392 1712 citrassiniuriamfaa

306 1749 412 1824 calva
438 1734 713 1814 iurisdictionis
734 1728 834 1806 ultra
852 1727 1024 1800 Dravum
1049 1725 1291 1798 extensione.-

401 1848 435 1948 ᾗ.
456 1841 520 1920 69.
543 1839 617 1937 ,,Ει
647 1840 709 1916 eui
742 1832 922 1910 credibile
949 1845 1043 1924 est,·
1061 1825 1167 1930 quod
1201 1831 1391 1906 martialet
1456 1864 1457 1867 ¹

304 1954 481 2060 Hungari
500 1949 687 2024 ditionem
714 1969 823 2018 suam
852 1941 952 2014 intra
977 1935 1119 2009 Savum
1146 1954 1186 2011 et
1221 1937 1390 2012 Drarum

305 2065 358 2140 ita
373 2077 475 2136 arcte
501 2053 799 2139 conclusissent,
821 2063 864 2120 ut
882 2069 953 2122 uec
971 2043 1070 2116 ultra
1088 2043 1274 2148 Posegam
1298 2069 1386 2118 aen

306 2197 372 2246 sus
393 2161 654 2249 occidentem,
678 2181 749 2232 nee
769 2151 816 2227 a'd
842 2147 1064 2226 Danubium
1100 2163 1235 2226 versus
1266 2153 1388 2228 orien-

307 2293 385 2353 tem
400 2267 559 2350 eandem
580 2255 867 2368 porrexissent?
888 2259 935 2332 Et
970 2280 1045 2355 qua
1072 2253 1276 2332 occasione
1300 2284 1389 2364 por-

304 2382 494 2460 rexissent
510 2375 549 2446 in
571 2368 823 2448 desideratam
844 2361 1109 2460 Provinciam?
1133 2367 1181 2438 Et
1202 2388 1284 2464 qua
1306 2391 1387 2468 pace

201 2527 204 2534 ·
277 2475 591 2575 „retinuissent'l
624 2471 883 2550 Katouaianae
914 2486 1069 2547 eatenus
1087 2467 1389 2564 dilucidationes,

84 2686 87 2698 ⁵
310 2593 448 2700 quibus
464 2616 534 2668 nec
556 2587 638 2688 ipse
665 2579 817 2658 Author
832 2576 989 2654 eredere
1008 2575 1169 2674 videtur,
1187 2576 1390 2654 admodum

183 2745 187 2760 ι
260 2769 262 2774 ,
311 2701 503 2780 violentae
521 2695 645 2778 suut.“
663 2710 732 2768 etc.
805 2743 808 2751 ·
1156 2704 1162 2746 l

361 2867 367 2876 .
406 2804 522 2905 ΜΟ.
541 2801 611 2877 His
637 2798 675 2896 l)
705 2793 980 2901 Diplomaticuc
1003 2791 1140 2871 Croata
1157 2796 1158 2805 ’
1174 2778 1270 2868 falsa
1299 2817 1390 2895 sup·

255 2971 261 3024 ¹,
313 2916 425 3022 ponit
452 2909 667 3016 complura:
697 2905 757 2978 Aa
782 2899 973 2976 moniales
1002 2900 1173 3004 Huugari
1207 2899 1393 2980 ditionem

215 3047 218 3065 '
314 3051 419 3102 auam
453 3021 553 3094 ultra
578 3011 718 3086 Savum
749 3026 788 3084 et
816 3009 987 3082 Dravum
1012 3033 1091 3082 non
1124 3006 1394 3098 extenderant,

160 3175 163 3186 ι
214 3121 219 3140 ’
278 3155 286 3196 ··
314 3152 456 3232 quum:
484 3120 696 3198 Transactis
716 3111 943 3218 quibusdam
961 3111 1095 3190 diebus
1114 3110 1241 3220 Zuard
1268 3131 1310 3188 et
1326 3113 1395 3186 Ca-

316 3237 409 3312 dusa
430 3259 517 3306 cum
538 3229 643 3306 omni
666 3222 834 3300 exercitu
859 3245 953 3314 suo,
977 3220 1133 3295 elevatis
1164 3219 1321 3310 yexillis
1346 3219 1395 3292 si·
1455 3249 1456 3254 ¹

131 3401 134 3408 .
190 3363 192 3368 ’
319 3339 478 3448 gaiferis
509 3360 648 3436 aquam
689 3327 911 3402 Danubii
950 3327 1329 3436 transnavigaverant
1355 3339 1395 3400 et

189 3526 192 3535 ,
318 3464 484 3524 castrum
511 3442 661 3528 Borons
684 3428 1037 3538 oeperuutde'inde
1058 3435 1106 3508 ad
1124 3452 1291 3508 castrum
1311 3431 1396 3508 Soe-

278 3637 280 3641 ,
319 3550 464 3654 reduoy
480 3552 651 3638 iveruut3
679 3541 875 3617 audientes
893 3557 1021 3614 sutem
1039 3538 1111 3616 hcc
1137 3539 1396 3640 civesssulga-

193 3658 196 3669 ¹
290 3665 293 3674 '
318 3677 452 3734 rorum
471 3673 512 3732 et
534 3646 787 3729 Macedonum
810 3649 1020 3722 timuerunt
1040 3643 1148 3720 valde
1164 3675 1186 3719 a
1210 3643 1309 3721 facie
1331 3671 1395 3720 eo-

225 3783 228 3791 '
320 3791 419 3842 rum.
447 3763 546 3839 Tum
564 3781 695 3834 omues
708 3753 946 3834 iucolaeeius
960 3768 1083 3852 terrae
1098 3752 1396 3830 miseruntuun-

307 3873 400 3948 ‚cios
421 3893 509 3944 suos
533 3893 620 3943 cum
644 3862 813 3950 donariis
829 3859 981 3954 multis,
999 3878 1041 3934 ut
1056 3875 1200 3936 terram
1223 3887 1332 3937 suam
1354 3858 1398 3930 si·

76 4068 79 4076 A
180 4067 200 4090 ἢ
312 3979 361 4066 Μ
387 3968 653 4076 subiugarent,
680 3986 726 4057 et¹
746 3967 844 4044 filios
872 3993 962 4044 suos
997 3962 1041 4038 ¹iu·
1072 3965 1222 4040 obsides
1256 3962 1396 4040 darent

319 4079 449 4162 Zuard
472 4079 666 4154 etCadusa
686 4077 770 4180 paci
785 4074 956 4150 faventes
976 4089 1014 4148 et
1026 4068 1139 4163 dona,
1161 4069 1322 4151 obsides
1334 4095 1398 4147 eo·

305 4202 407 4268 'rum
424 4187 673 4293 accipientes,
692 4199 761 4266 eosss
785 4182 894 4284 quasi
915 4205 1027 4256 suum
1049 4179 1241 4284 populum
1262 4179 1308 4254 in
1333 4204 1397 4283 pa-

318 4324 361 4380 ce
382 4293 613 4394 dimiserunt
627 4292 727 4368 etc.“
747 4288 862 4369 Belte
883 4284 986 4392 regis
1007 4283 1195 4364 Notarius
1211 4285 1304 4366 l...c·
1322 4311 1396 4391 cap

845 4526 857 4560 x
954 4503 960 4512 .
