2968 4904
203 421 229 457 ⁹
329 424 636 548 oss·

274 675 335 752 cui
362 669 520 778 quidem
529 627 821 777 ¹expugnationi.
837 623 938 752 idem
967 674 1107 749 Comes
1124 669 1358 774 'Stephanus

101 761 113 770 ’
188 776 193 788 “
274 808 353 858 non
381 778 498 857 modo
535 776 729 871 interfuit,
752 805 887 854 verum
913 778 1028 854 etiam
1058 777 1150 854 totis
1175 779 1360 854 animi'et

272 889 447 992 corporis
465 887 523 961 sui
551 883 697 959 viribus
715 881 849 976 affuit,
870 883 1035 960 feliciter
1047 883 1191 960 Budam
1207 883 1359 957 reuersi
1375 963 1377 968 ,

55 1011 60 1019 '
125 1080 127 1090 ,
173 1034 178 1086 ;
270 993 492 1084 fuissemus,
520 1007 560 1068 et
585 988 794 1066 in'teralias
814 991 1075 1080 variascuras,
1097 1008 1136 1068 et
1163 990 1359 1064 sollicitu-

238 1175 241 1184 ,
272 1099 381 1177 dines
402 1117 575 1192 nostras,
603 1097 741 1196 quibus
769 1123 840 1200 pro
863 1113 962 1178 statu
981 1115 1019 1172 ct
1037 1095 1258 1173 defensione
1289 1102 1375 1192 re-'

239 1208 337 1309 'gni
368 1207 495 1293 ¹nostri
540 1204 715 1304 impliciti
749 1200 960 1298 fueramus,
1002 1220 1040 1280 et
1080 1206 1120 1276 in
1156 1204 1358 1296 diuersum

175 1389 183 1402 ,
272 1312 497 1414 agebamur,
531 1309 821 1386 serenissimam
850 1311 1039 1414 virginem
1070 1311 1282 1386 Beatricem
1305 1308 1359 1384 de

270 1419 483 1519 Aragonia,
511 1413 697 1520 Sponsam
721 1433 889 1491 nostram
909 1417 1173 1510 carissimam,
1206 1415 1252 1489 ad
1281 1413 1358 1489 hoc

258 1549 430 1628 ‘regnum
482 1520 697 1598 traducere
734 1529 773 1599 et
829 1523 1048 1616 solennitati
1070 1583 1075 1591 s
1101 1523 1356 1624 nuptiarum,

271 1658 365 1735 quss
400 1631 476 1704 iam
516 1629 673 1720 tandem
701 1627 915 1705 auxiliante
940 1629 1025 1706 Deo
1054 1627 1215 1708 feliciter
1248 1625 1356 1702 cele-

143 1769 148 1782 ’
268 1734 485 1830 brauimus,
521 1761 656 1820 vacare
688 1732 945 1830 habebamus,
983 1736 1201 1815 Tureorum
1228 1718 1357 1815 Imbe-

267 1860 385 1934 rator,
412 1843 479 1944 qui
498 1835 803 1918 Christianorum
827 1851 1010 1946 sanguine
1039 1844 1166 1918 satiari
1188 1834 1356 1941 bequit,

266 1965 439 2025 nostram
456 1949 621 2024 sentiens
649 1949 959 2054 occupationem,
983 1952 1122 2026 coactis
1143 1966 1182 2025 et
1208 1946 1355 2022 aduna-

274 2058 323 2131 tis
341 2053 515 2154 vndique
534 2054 680 2129 viribus
705 2073 744 2130 et
771 2056 913 2156 copiis,
944 2057 1106 2133 maxima
1128 2083 1216 2130 cum
1240 2077 1362 2128 manu·

142 2171 144 2178 ⁴
267 2161 524 2264 Regnumque
559 2176 600 2236 et
628 2160 867 2264 prouinciam
904 2179 1072 2240 nostram
1112 2161 1354 2250 Moldauino,

267 2293 356 2343 cum
376 2292 451 2372 ope
471 2284 512 2344 et
538 2265 729 2344 adiutorio
747 2265 1104 2375 perfidiBozorad,
1129 2267 1180 2344 W
1182 2265 1356 2372 syuodae

186 2371 188 2378 ⁴
251 2374 434 2476 ,partium
449 2371 787 2476 Transalpinarum
815 2375 923 2476 regni
944 2377 1087 2470 nostri,
1125 2376 1236 2481 quis
1265 2371 1356 2446 Ma-

161 2567 164 2580 ,
233 2511 236 2516 ·
267 2482 555 2558 testarenost'm
576 2497 613 2556 et
633 2507 654 2554 a
671 2476 774 2556 sacra
797 2481 948 2557 Corona
980 2479 1191 2576 defecerat,
1222 2477 1358 2556 subin-

267 2589 412 2681 trauit,
425 2597 606 2663 et'totam
619 2585 740 2662 ferme
758 2610 841 2662 eam
861 2589 1244 2691 prouinciamditioni
1263 2612 1357 2662 snae

268 2694 497 2795 subiugauit.
535 2695 605 2768 Cui
632 2695 747 2770 etiam
777 2701 937 2798 propbcr
961 2697 1149 2801 praefatas
1179 2718 1289 2770 curas
1314 2707 1357 2768 et

268 2803 538 2902 occupationes
556 2817 704 2876 nostras
732 2803 860 2878 subito
883 2806 1134 2906 personaliter
1151 2811 1356 2877 occurrere
1401 2795 1406 2806 ⁴

271 2925 311 2983 et
329 2907 487 2983 obviare
507 2932 585 2980 uon
605 2923 823 3007 poteramus
831 2938 842 3003 3
885 2901 1093 2986 Maiestatis
1119 2927 1282 3010 ,nostrae
1314 2908 1356 2978 in

174 3043 178 3059 ,
272 3037 452 3115 persona,
474 3011 600 3114 ipsum
610 3013 796 3090 Comitem
809 3014 1044 3122 Stephanum
1063 3018 1242 3093 decoctu
1262 3017 1358 3088 alio-

215 3149 218 3164 *
272 3143 358 3222 rum
369 3115 559 3190 Fidelium
570 3134 787 3193 nostrorum
802 3122 1243 3227 ablegantes,p1·aeiatum
1254 3123 1360 3196 Tur-
1377 3153 1381 3164 ⁴

195 3294 199 3309 ,
273 3213 692 3325 corumImperatorein
715 3222 815 3300 fudit
842 3236 926 3307 etin
948 3221 1097 3334 turpem
1109 3230 1245 3332 'fugam
1259 3254 1358 3302 con-

273 3329 402 3419 uertit,
414 3329 730 3430 prouinciamque
751 3333 870 3432 ipsam
886 3337 1046 3414 liberam
1057 3356 1095 3413 et
1112 3339 1224 3413 nobis
1243 3362 1359 3441 paca-

162 3491 167 3501 .
274 3449 350 3508 tam
360 3435 526 3538 reliquit.
535 3425 705 3516 Tandem
728 3439 958 3544 verofugato
976 3461 1014 3520 et
1024 3446 1182 3550 expulso
1195 3445 1242 3522 de
1255 3443 1362 3518 Mot-

275 3537 1363 3651 dauiaipsoTurcorumlmper·atore,denostracommis-
1424 3553 1426 3560 ’

27 3753 41 3769 η
150 3669 157 3742 j
274 3647 382 3720 sione
398 3647 603 3750 etspeciali
631 3651 871 3746 mandato,se
883 3649 1167 3758 et'gentes‘suas
1179 3657 1364 3755 aduersup

299 3750 508 3827 raedictum
543 3753 730 3830 Bozorad
750 3758 985 3860 Vaywodam
1029 3781 1067 3842 et
1117 3765 1364 3842 Prouinciam

161 3867 164 3912 l
190 3936 196 3947 ,
270 3781 556 3959 liransatpinam
576 3865 791 3956 conuertit,
811 3861 943 3970 ibique
966 3871 1093 3973 ipsum
1111 3871 1282 3949 Bozorad
1306 3873 1358 3947 si-

271 3961 352 4038 mul
374 3988 461 4037 cum
481 3965 657 4067 reliquiis
677 3969 908 4066 Turcorum,
927 3976 1250 4080 quaslmperator
1272 3984 1359 4084 ipse

267 4095 340 4178 pro
368 4070 606 4173 praesidioet
626 4071 848 4156 defensione
869 4082 987 4186 ipsius
1007 4082 1188 4181 Bozsrad‚
1208 4103 1247 4162 et
1262 4087 1361 4162 Pro-

228 4192 238 4222 *
268 4175 415 4272 vinciae
433 4176 538 4254 illius
550 4175 831 4287 Transalpinse,
853 4183 1073 4282 locauerat,
1093 4188 1275 4268 similiter
1292 4189 1360 4266 fu·

199 4281 206 4296 “
264 4277 342 4376 dit,
364 4298 406 4359 et
422 4281 661 4388 profligauit,
684 4311 730 4365 sc
744 4286 802 4368 tle·
821 4279 905 4393 ips'a
931 4295 1155 4398 prouincia,
1188 4286 1368 4407 turpiter¹
1474 4307 1480 4318 '

810 4424 819 4458 ,
1203 4447 1207 4456 ,
1298 4441 1311 4454 ,
