2946 4912
251 609 260 636 ς
302 649 355 729 ‘de
372 641 486 722 rebus
513 634 736 714 necessariis
755 635 947 742 colloqui.¹
965 634 1115 730 Quodsi
1140 625 1224 737 i'pse
1246 635 1400 714 insidias

303 745 700 839 vereratursubesse,
720 744 844 818 tribus
866 761 1015 821 tuntum
1035 743 1192 820 famulis
1215 745 1399 846 stipatum

304 871 344 944 se
363 858 410 936 ad
430 853 551 959 ripum
573 846 800 954 profluentis
814 850 1000 925 ibiamnis
1021 875 1277 944 accesseram,
1291 849 1394 924 idem

304 973 389 1076 ipss
422 983 576 1066 quoque
597 954 750 1034 faceret·
789 954 1042 1060 obtemperat
1080 955 1240 1051 Sermo,
1278 973 1421 1057 atque*

303 1075 378 1154 boc
401 1067 517 1146 modo
536 1063 624 1138 cum
650 1062 825 1165 Diogene
847 1063 1107 1165 congreditur.
1130 1061 1194 1137 Ibi
1217 1091 1310 1141 cum
1322 1066 1395 1139 ism

285 1177 482 1258 ‘collocuti
503 1185 639 1263 essent,
659 1169 851 1270 Diogenes
873 1165 1094 1273 pugionem,
1114 1192 1231 1267 quem
1253 1173 1296 1242 in
1309 1175 1393 1244 sinu
1460 1237 1461 1246 ,

242 1329 248 1344 ·
304 1285 477 1364 abditum
496 1273 691 1381 gestabat,
706 1277 839 1352 'subito
869 1279 909 1348 in
930 1274 1239 1352 latus'Sermon'is
1264 1275 1393 1377 adigit,

298 1413 469 1492 euntque
490 1381 679 1460 interficit.
706 1382 851 1456 Famuli
876 1379 965 1484 fuga
985 1383 1212 1470 elabuntur.
1244 1382 1409 1484 Dioge·

301 1529 369 1580 nes
398 1497 533 1572 vicinis
552 1489 784 1566 exercitibus
811 1479 1014 1565 contractis
1036 1487 1158 1565 valida
1188 1514 1281 1563 cum
1308 1515 1391 1561 ma·
1460 1533 1462 1572 :

301 1635 354 1684 nu
375 1603 422 1682 ad
450 1597 633 1676 Sirmium
652 1587 918 1697 proficiscitur,
939 1581 1389 1696 viduaequeexterritae

299 1713 447 1815 maguis
474 1710 629 1806 insuper
661 1701 981 1804 promissionibus
1008 1699 1234 1806 persuadet,
1269 1717 1313 1775 ut
1334 1729 1391 1796 se,

189 1901 194 1912 ,
300 1821 562 1914 Sirmiumque
591 1805 821 1914 Imperatori
866 1811 1047 1890 traderet.
1084 1809 1136 1902 Eg
1161 1808 1389 1910 Byzantium
1460 1849 1461 1852 ¹

296 1931 437 2017 missa,
477 1921 530 1994 ibi
560 1915 744 2024 primario
775 1914 926 1990 cuidam
965 1917 1121 1991 civiumv
1142 1917 1386 1988 matrimonio

300 2033 477 2140 copulatu
499 2041 573 2118 est;
595 2023 786 2122 Diogenes
807 2048 938 2097 recens
959 2039 1090 2122 captae
1111 2021 1252 2095 ditioni
1278 2049 1386 2125 prae-

299 2129 463 2218 fectus..“
490 2127 756 2206 Itu-Cedrenus
779 2127 822 2200 Τ.
846 2131 891 2202 ΙΙ.
905 2130 1049 2231 p.517.-
1062 2129 1238 2204 Zonoras
1264 2129 1308 2204 T.
1318 2128 1383 2208 ΙΙΙ.
1423 2153 1426 2158 ·

265 2277 268 2282 ’
302 2275 341 2354 p.
370 2245 460 2319 227.
482 2237 646 2332 Sciliccs,
666 2232 812 2320 fotos,
830 2225 919 2311 edit.
943 2235 1040 2312 Ven.
1155 2335 1157 2343 Ι
1226 2263 1229 2272 .

234 2467 238 2476 ,
346 2379 451 2484 „criu
466 2397 604 2462 dicimus
617 2387 858 2460 occidentalem
868 2387 1049 2460 Pannoniae
1066 2398 1175 2460 sauine
1197 2409 1324 2488 partem
1337 2408 1393 2461 st·-

326 2539 346 2572 ,
398 2507 462 2571 que
482 2483 645 2566 regionem
670 2503 761 2558 eam,
784 2503 865 2566 qnae
884 2482 924 2543 ab
947 2481 1031 2546 urbe
1054 2483 1219 2547 Sirmiensi
1238 2481 1386 2568 usquead

296 2575 302 2592 ⁸
399 2571 580 2636 confluxum
599 2566 673 2634 Suri
687 2577 720 2629 et
728 2568 865 2629 Danubii
882 2567 1096 2650 protenditur,
1108 2579 1200 2634 extra
1216 2575 1386 2654 Hungaro-

398 2679 471 2719 rum
491 2653 556 2716 hoc
575 2662 724 2734 tempore
744 2653 839 2716 fuisse
867 2651 1044 2730 ditionem,
1075 2675 1142 2715 non·
1170 2655 1248 2720 inde
1276 2675 1387 2716 conse·

398 2762 499 2826 quens
516 2749 584 2815 est,
607 2748 711 2800 totum
732 2737 823 2800 iilum
843 2747 950 2799 terrae
965 2747 1127 2824 tractum,
1142 2709 1207 2821 bui
1229 2740 1386 2816 Danubio,
1397 2759 1423 2784 ··

399 2832 520 2902 Dravo,
540 2823 689 2904 Sauoque
706 2821 885 2900 clauditur,
907 2844 924 2881 u
946 2822 1212 2908 iureHnngariae
1236 2827 1333 2887 fuisse
1354 2847 1388 2886 a·
1460 2855 1461 2864 ¹

398 2911 542 2976 vulsum:
566 2907 729 2969 Habemus
746 2906 830 2968 enirn
847 2906 1058 2968 indubitatum
1085 2913 1116 2972 S.
1142 2909 1309 2993 Stephani·
1332 2911 1389 2972 Di-

311 3065 314 3070 ,
399 2996 520 3080 plume,
539 3012 602 3074 quo
614 2992 638 3052 is
659 2992 815 3052 terminos
835 2992 1042 3074 Episcopatus
1061 2993 1386 3079 Quinqueecciesien·

359 3099 362 3108 ’
398 3081 439 3142 sis
457 3078 541 3140 ultra
562 3073 800 3137 meridionalem
820 3078 918 3140 Drusi
939 3077 1385 3161 ripumwinPsnnonialnter-
1459 3135 1460 3152 2

398 3161 539 3230 nmnensi
568 3158 697 3238 statuit,
720 3159 752 3224 id
776 3161 889 3244 utique
919 3185 984 3224 non
1006 3163 1169 3240 facturus,
1192 3169 1220 3226 'si
1254 3163 1383 3227 ditionis
1459 3159 1460 3164 ¹

397 3269 472 3312 suae
494 3246 585 3308 limes
605 3239 729 3318 Dravus
748 3245 861 3308 fluvius
880 3243 1011 3314 fuisset.
1034 3249 1069 3310 ld
1100 3247 1187 3332 qnod
1215 3270 1292 3336 pum
1326 3249 1383 3312 fide
1458 3303 1460 3330 s

396 3332 642 3419 Byzantinorum
678 3327 881 3412 Scriptorum
919 3332 980 3394 hac
1007 3335 1129 3397 ratione
1161 3334 1385 3397 conciliamus:

398 3424 566 3484 Cinnamus
587 3425 701 3479 auctor
721 3419 880 3493 Graecus,
903 3418 959 3499 qui
978 3438 1017 3480 eo
1041 3427 1190 3503 tempore
1211 3404 1385 3484 Histoiiam
1458 3423 1459 3468 ἶ

397 3529 483 3569 snam
513 3501 712 3584 conscripsit,
733 3523 797 3582 qno
821 3511 970 3584 tempore
999 3504 1032 3563 in
1058 3502 1225 3565 Sirmiensi
1256 3506 1385 3584 regione

399 3595 539 3654 Graecos
554 3590 640 3648 inter
654 3597 688 3648 et
705 3589 870 3671 Hungaros
896 3587 1018 3650 bellum
1039 3587 1118 3660 fuit,
1140 3589 1264 3670 quique
1295 3589 1384 3672 ipse,
1430 3592 1434 3598 ’

331 3683 336 3692 ”
400 3687 437 3738 nt
458 3675 491 3737 in
507 3695 562 3735 suu
581 3669 691 3756 prodit
709 3670 864 3748 Historia,
879 3672 987 3732 Sirmii
1011 3673 1095 3772 egit,
1115 3674 1265 3734 meminit
1278 3676 1384 3736 cuius-

398 3761 468 3822 dam
488 3759 554 3830 loci
571 3757 602 3818 in
620 3757 751 3838 regione
768 3755 929 3818 Sirmiensi
953 3759 1051 3840 posits
1063 3805 1072 3837 ,
1095 3763 1190 3844 quern
1222 3760 1382 3840 Petrinum
1456 3761 1458 3792 ³

396 3853 500 3919 vocat,
514 3841 634 3924 ibique,
652 3843 718 3915 uit,
737 3861 804 3902 esse
816 3843 993 3902 terminum
1007 3838 1198 3925 Hungu‘rine.
1208 3848 1314 3906 Locus
1329 3841 1384 3913 ille
1456 3881 1458 3900 n

395 3926 480 3988 band
500 3926 596 3988 dubie
614 3927 703 3990 Petri
714 3925 908 3988 Varadinum
919 3937 976 3988 est.
988 3961 1030 3974 -
1042 3933 1097 3990 Est
1113 3949 1193 3992 vero
1216 3927 1306 3990 Petri
1320 3931 1384 3989 Vu-
1457 3943 1458 3956 ²

308 4043 313 4062 ν
396 4011 540 4074 radinun
559 4009 695 4072 duorum
711 4011 781 4072 fere
801 4011 924 4072 dierum
945 4011 1061 4074 itinere
1081 4034 1099 4072 u
1122 4017 1232 4074 Dravo
1267 4034 1305 4074 ac
1326 4033 1386 4074 eo·
1444 4077 1450 4092 ,

331 4123 334 4128 ·
394 4097 467 4162 dem
491 4113 594 4178 prope
611 4093 993 4158 intervellouooussuxn
1009 4093 1148 4166 Danubii
1167 4108 1201 4159 et
1221 4097 1297 4162 Savi
1328 4116 1382 4156 re·
1456 4119 1458 4162 t

396 4192 530 4253 motum,
552 4187 648 4259 utque
668 4180 708 4242 ad
736 4181 917 4244 Danubium
945 4182 978 4241 in
1009 4191 1117 4262 monte
1150 4192 1382 4248 constructum.

122 4304 124 4312 ,
240 4281 246 4294 ⁸
315 4332 331 4346 f
396 4263 490 4344 Quod
505 4264 531 4327 si
547 4262 643 4348 igitur
664 4264 717 4328 hio
736 4260 829 4330 limes
851 4266 1197 4353 suitHungariue,‘uti
1216 4267 1383 4339 Cinnamus
1436 4257 1440 4264 ’
