2946 4912
323 341 501 428 104.

265 557 391 640 modis
409 531 777 640 absolutum-haram
801 574 1018 638 nostrarum
1049 559 1268 636 litterarum
1283 562 1362 636 si-

266 667 585 772 gillisregni
620 668 815 761 nostri,
873 666 1021 742 scilicet
1057 665 1360 762 Gubernatoris,
1465 709 1466 712 π

145 787 155 806 '
267 799 339 850 nec
375 774 769 851 non'nonnullorum
796 789 1015 857 nostrorum
1053 773 1359 876 appensionibus
1401 867 1405 882 Ι
1465 837 1467 846 .

266 881 556 986 consignatum,
578 883 710 980 vigore
733 897 772 956 et
802 882 1019 956 testimonio
1046 881 1241 954 literarum
1271 905 1361 954 me-

266 983 406 1082 diante.
433 989 575 1062 Datum
592 987 746 1081 Budas,
772 986 965 1090 praedicta
985 983 1081 1061 feria
1108 1003 1243 1089 quarta
1262 1010 1358 1091 pr07

268 1093 370 1166 xima
394 1111 478 1196 post
499 1091 638 1170 festum
656 1095 900 1170 exaltationis
923 1091 960 1166 S.
980 1093 1121 1168 Crucis.
1140 1089 1256 1166 Anno
1277 1093 1357 1172 Do·

267 1199 708 1279 miniMcDXLV11.L.
733 1198 968 1302 Sigillorum.
1030 1229 1033 1234 ·

303 1325 351 1390 Ex
370 1324 450 1410 orig.
472 1325 640 1408 exscripsit
659 1326 811 1412 Kaprinai
832 1327 921 1389 MSS.
954 1313 1048 1388 ¹tomo
1069 1325 1093 1388 l.
1124 1343 1183 1388 nro
1206 1323 1299 1388 cvn.
1322 1341 1358 1410 p·

261 1497 264 1502 Ι
351 1411 653 1495 2⁰1.sqq.subB.
1258 1434 1261 1440 ·
1354 1467 1357 1473 .

268 1603 345 1670 LV.
367 1603 561 1670 Vindictam
577 1609 620 1672 lt.
641 1608 687 1672 H.
708 1601 841 1668 ludices
867 1603 984 1669 Cutina
1003 1606 1134 1687 regiae,
1152 1623 1271 1664 causae
1297 1589 1368 1686 cap-'-x

244 1776 246 1785 ,
357 1716 501 1794 pellata·
519 1737 536 1776 e
551 1737 648 1798 regno
667 1717 855 1779 Satnuoniae
875 1725 969 1802 antro
985 1716 1099 1775 seriem
1119 1732 1161 1771 ac
1187 1731 1354 1772 numerum

365 1819 553 1886 diiudicare
571 1825 670 1887 iubet.
696 1823 737 1888 A.
759 1823 853 1890 1499.
882 1885 890 1904 .

366 1971 619 2069 Wladislaus,
647 1974 720 2051 Dal
747 1970 1003 2078 gratia‚‘'ilex
1021 1969 1252 2074 Hungarian
1279 1969 1357 2044 Bo-

269 2077 417 2156 lremiae
437 2071 507 2156 etc.
528 2079 724 2156 Fidelibus
742 2083 885 2156 nostris
901 2079 1261 2169 Reuerendissimo,
1277 2077 1358 2153 Re-

269 2185 518 2290 uerendoque
550 2187 589 2260 in
609 2188 763 2268 Christo
786 2186 982 2277 Patribus,
1003 2185 1174 2260 Dominis
1188 2183 1358 2262 Thomas

269 2291 587 2398 Archiepiscopo'.
608 2295 838 2396 strigonien.
878 2317 1028 2368 summo
1067 2308 1107 2368 et
1139 2289 1357 2368 Secretario

269 2397 503 2477 cancellario
532 2399 699 2494 Nostro,
719 2426 764 2476 ac
782 2401 986 2476 Dominico
1009 2399 1215 2502 Episcopo·
1232 2398 1357 2471 Vara-

142 2562 144 2568 .
267 2503 410 2599 diensi,
446 2509 656 2610 personalis
693 2509 929 2610 praesentiae
965 2525 1115 2581 nostrae
1145 2505 1358 2580 Locumte-

155 2711 157 2720 y
266 2613 488 2704 nenti,‘nec
515 2641 593 2689 non
625 2613 829 2717 Spectabili
852 2633 891 2688 et
919 2611 1128 2714 Magnificis
1157 2599 1354 2716 Stephano

267 2717 463 2823 Zapolya,
497 2739 687 2826 perpetuo
724 2721 865 2794 Comiti
904 2735 1030 2794 terrae
1068 2717 1289 2822 Soepusien.
1319 2733 1357 2790 et
1450 2763 1453 2768 -

140 2895 145 2903 .
267 2817 380 2900 huius
396 2827 505 2927 regni
529 2829 660 2904 nostri·
677 2824 896 2928 Hungaria'e
914 2826 1105 2918 Palatino,
1141 2849 1184 2898 ao
1211 2823 1355 2899 Comiti

269 2928 385 3010 Petro
409 2931 537 3009 Gereb
559 2933 606 3008 ‹l'a
627 2931 831 3036 Wingarth
861 2931 986 3006 Judici
1017 2932 1154 3005 Curiae
1181 2953 1356 3024 nostrae,

268 3041 534 3140 rniuersisqua
556 3039 594 3110 in
617 3037 794 3113 Jndicatu
806 3039 909 3114 vices
929 3039 1230 3138 gerentibus,2ac
1241 3063 1357 3140 egre-
1422 3037 1450 3110 ⁶.

268 3142 341 3246 giis
370 3141 562 3242 Magistris
586 3145 888 3244 Prothonotarys
912 3145 1049 3220 Curiae
1080 3161 1121 3246 et
1147 3142 1248 3217 sadis
1281 3172 1355 3220 no·-

192 3271 198 3279 ‘
267 3265 367 3326 strae
388 3251 517 3348 regiae
542 3250 830 3346 assessoribus,
858 3250 1122 3353 praesentibus
1145 3263 1184 3322 et
1213 3245 1355 3323 futuris

266 3373 485 3460 praesentes
499 3355 640 3432 visuris
665 3358 830 3451 salutem
852 3359 1056 3459 etgratiam
1067 3374 1248 3430 nostram.
1264 3354 1356 3432 Sae-

267 3462 354 3566 pius
371 3461 445 3536 iam
470 3479 509 3537 et
540 3463 765 3564 frequenter
794 3461 1037 3565 questi‘sunt
1066 3463 1253 3564 Maiestati
1283 3487 1356 3536 no-
1429 3526 1431 3530 .

268 3582 368 3647 strae
385 3569 615 3670 'Vniuersitas
632 3565 833 3645 Nobilium
856 3572 965 3672 regni
978 3571 1109 3645 nostri*
1122 3567 1358 3662 Sclauoniae,

268 3671 434 3776 qnaliter
451 3701 522 3751 vos
540 3677 624 3750 illas
652 3703 780 3752 causas
800 3703 956 3773 eorum,
975 3669 1075 3781 qnae
1097 3673 1151 3756 de
1171 3701 1354 3778 praesen·

266 3779 320 3854 tia
340 3778 435 3853 B'ani
461 3785 569 3887 regni
580 3773 701 3858 nostri
715 3782 939 3860 Sclauoniae
957 3810 1027 3886 per
1048 3783 1149 3860 viam
1180 3781 1353 3884 appella·

86 3873 89 3880 ⁴
188 3899 190 3903 ’
229 3897 246 3918 ”
267 3883 385 3958 tionis
407 3885 449 3965 itt
469 3889 626 3963 Curiam
646 3909 813 3966 nostram
831 3889 975 3991 regiam
996 3891 1044 3966 ad
1072 3886 1386 3980 discutiendum,

267 3992 473 4067 transmitti
493 3993 638 4090 solent,
661 3995 815 4072 nolletis
836 4014 943 4071 extra
961 3994 1379 4096 seriemtiudiciorum

178 4120 180 4122 ·
252 4093 507 4196 adiudicare,
531 4099 603 4177 sed·
624 4127 686 4178 aas
713 4102 753 4176 in
775 4127 937 4179 numero
964 4103 1128 4178 aliarum
1154 4127 1353 4180 causarum
1437 4177 1442 4181 ,

266 4203 307 4277 in
324 4227 446 4308 tegno
461 4221 598 4286 nostro
618 4205 837 4310 Hungariae
855 4222 1066 4303 motarum,
1111 4224 1356 4308 computare·
