2968 4904
356 441 412 520 66

287 599 498 721 -rlxxm
519 605 663 748 Milites,
687 604 835 724 Nobilis,
879 645 1006 706 retiam
1016 641 1199 724 flmdoruia
1214 649 1401 706 rueramus·-
1457 697 1458 702 ,

406 761 527 821 uilium
545 753 760 831 contribuere,
776 769 817 816 cto
846 748 1108 816 iurisdietionem
1133 753 1273 816 outioam
1294 751 1400 812 rubus
1451 796 1455 804 .

410 865 557 947 obligati.
578 863 671 925 Antio
690 855 785 927 159⁵.
834 907 837 916 .

315 1097 318 1106 ,
404 1015 587 1118 Mathias,
627 1015 702 1094 Dei
725 1011 870 1118 gratia,
894 1003 1037 1090 ,Archi
1070 1010 1162 1088 Dux
1199 1010 1401 1110 Austriae,
1449 1081 1452 1096 .

224 1115 227 1122 Δ
293 1119 399 1202 ‘Dur
415 1123 680 1228 Burgundios,
696 1123 834 1224 Comes
849 1115 1024 1220 Tyrolis,
1046 1133 1117 1204 eto.
1134 1118 1340 1194 Vniuersis
1363 1137 1403 1197 et

309 1233 501 1334 singulis,
543 1225 824 1321 Generalibus',
861 1224 1075 1330 capitaneis
1117 1240 1157 1301 et
1194 1225 1405 1305 Viae-Ca·

218 1425 220 1434 y
311 1337 474 1444 pitaneis
515 1354 554 1428 et
600 1330 867 1444 praesentibus
907 1348 947 1408 et
978 1329 1144 1424 suturis,
1179 1333 1220 1405 in
1247 1335 1404 1412 ciuitate

192 1487 202 1516 a
240 1451 243 1458 ’
309 1449 528 1550 Caproncza
571 1439 810 1544 constitutis,
857 1452 899 1530 et
934 1434 1240 1534 constituendis,
1289 1468 1407 1546 prae-

197 1543 200 1550 ’
308 1551 616 1642 sentes-visuris,
649 1548 876 1624 salutemet
904 1545 1077 1645 gratiam.
1095 1543 1315 1622 informati
1340 1574 1405 1622 sub

301 1684 418 1758 ¹mus,
442 1683 524 1746 esse
553 1648 764 1732 nonnullos
792 1651 893 1727 inter
921 1649 1068 1724 Milites
1100 1677 1190 1727 suae
1213 1652 1404 1742 Maiesta—
1477 1649 1478 1668 ³

192 1759 204 1780 ‘
262 1795 264 1800 ’
310 1767 356 1841 tis
376 1764 583 1843 Caesareae,
608 1757 869 1864 Capitoneatui
901 1775 940 1833 et
961 1755 1115 1832 ducatui
1147 1777 1278 1839 vestro
1307 1761 1404 1836 sub-
1478 1787 1479 1790 ’

249 1935 281 1971 ·.
309 1873 451 1962 lectos,
481 1869 547 1976 qui
567 1869 744 1972 quamuis
766 1862 917 1960 domos,
940 1887 1065 1966 agros,
1086 1883 1205 1970 prata,
1231 1864 1402 1960 faenilia,
1478 1905 1480 1918 ·

310 1976 440 2053 hortos
460 1991 498 2054 et
518 1977 590 2051 alia
611 1971 713 2058 bona
733 1972 861 2066 ciuilia
882 1973 924 2046 in
948 1967 1079 2047 fundis
1092 1973 1213 2074 ipsius
1234 1977 1403 2050 ciuitatis
1479 1990 1481 2074 j

310 2081 496 2174 habeant,
541 2082 646 2160 nulla
673 2098 800 2157 tamen
838 2105 955 2183 opera
991 2078 1137 2171 ciuilia,
1177 2080 1404 2157 eorumdem

308 2185 518 2268 fundorum
558 2190 730 2287 ratione,
761 2187 803 2258 in
832 2183 1003 2261 medium
1038 2186 1181 2263 ciuium
1207 2205 1403 2288 praestare

292 2311 376 2398 'Uaut
392 2291 641 2372 contribuere
663 2295 808 2371 volunt.
846 2293 945 2382 Quia
959 2315 1053 2372 vero
1075 2296 1292 2374 communis
1313 2319 1402 2370 om-

310 2405 417 2476 nium
445 2427 487 2476 ea
512 2397 569 2480 est
599 2403 759 2492 iustitia,
785 2412 824 2474 et
844 2399 1047 2500 obseruata
1080 2399 1222 2504 abique
1249 2404 1343 2505 len,¹
1363 2413 1402 2476 et

297 2499 567 2601 'consuetodo,
599 2525 640 2584 vt
669 2505 887 2614 quicunque
915 2504 1173 2582 Dominarum
1191 2519 1230 2584 et
1252 2507 1403 2584 Nobili-

313 2641 405 2706 um,
433 2633 498 2690 aut
510 2613 666 2690 alterius
694 2613 819 2688 Status
837 2611 1066 2706 hominum,
1093 2613 1198 2694 bona
1214 2605 1402 2692 eiusmodi

313 2718 443 2796 ciuilia
471 2705 509 2794 iia
529 2721 657 2827 aliqua
679 2719 877 2797 ciuitatum
900 2717 1058 2816 habeat,
1079 2723 1228 2800 ratione
1251 2747 1405 2796 earum-

314 2830 405 2906 dem
433 2851 550 2902 onera
577 2853 734 2934 quoque
765 2827 893 2902 ciuilia
924 2827 1052 2904 subire
1081 2826 1230 2926 debeat.
1255 2828 1418 2930 Idcirco

318 2932 519 3010 hortamur
537 2959 616 3010 vos'·
633 2953 673 3008 et
695 2934 951 3036 requirimus,
970 2959 1015 3008 ao
1029 2933 1260 3012 authoritate
1277 2933 1405 3013 sacrae

225 3043 283 3121 ,ιρ
314 3029 362 3116 ao
388 3047 594 3140 regiaeque
615 3037 846 3136 Maiestatis,
859 3039 1281 3142 qttafungimur,vobis
1295 3070 1407 3118 oom-

211 3143 239 3196 Γ
308 3146 505 3250 *mitt-imus
528 3164 567 3218 et
587 3143 880 3240 mandamus3vt
898 3172 1030 3224 omnes
1053 3162 1091 3224 et
1111 3149 1308 3252 singulos,
1337 3147 1404 3254 qui

319 3256 455 3328 talium
480 3250 901 3350 ciuiliumfundorum,
933 3279 1161 3361 quernaque
1182 3258 1333 3332 ratione
1363 3285 1406 3330 a·

215 3369 217 3374 ’
307 3351 576 3464 ¹quisitorum,
598 3357 839 3462 possessione
862 3359 1041 3460 gaudent,
1063 3359 1109 3439 ad
1124 3361 1271 3466 singula
1292 3368 1406 3440 etiam

317 3483 364 3543 et
380 3466 539 3564 quaeuis
559 3491 696 3558 onera,
716 3482 756 3541 et
782 3465 1086 3546 iurisdietionem
1121 3497 1277 3576 quoque
1303 3472 1407 3548 ciui-

315 3571 414 3663 lem,
435 3573 585 3648 ratione
607 3572 830 3650 eorumdem
847 3571 1056 3650 fundorum
1074 3573 1233 3654 ferenda
1252 3595 1291 3655 et
1309 3577 1408 3654 sub-

318 3677 484 3755 eundam
501 3705 639 3782 cogere
662 3697 704 3784 et
724 3678 957 3782 compellere
977 3680 1146 3760 debeatis
1160 3702 1199 3759 et
1220 3680 1409 3760 teneami-

180 3783 184 3791 '
260 3791 264 3802 '
316 3779 518 3860 ni.‚Seeus
540 3785 774 3864 nonfactuni
798 3788 1061 3887 praesentibus
1096 3791 1273 3895 perlectis
1296 3789 1410 3866 enhi-

244 3939 256 3980 ,-
313 3889 427 3968 beuti
446 3893 648 3968 restitutis.
658 3893 800 3966 Datum
819 3891 972 3970 Posonii
988 3894 1127 3972 9-adie
1144 3897 1285 3974 Mensis
1299 3897 1409 3971 Mar-

314 4015 367 4099 ty.
387 3994 501 4072 Anno
523 3996 677 4073 Domini
691 3997 1014 4077 MDLXXXXV.
1026 3983 1187 4100 Mallias
1206 4031 1256 4084 m.
1272 4033 1310 4110 p.
1325 4005 1409 4083 Lo-

206 4139 208 4143 ·
312 4132 378 4181 cus
405 4102 540 4205 Sigilli.
573 4103 722 4208 Lippay
743 4115 852 4210 m.'p.
948 4143 951 4155 a

324 4222 328 4234 ι
355 4259 402 4318 Ex
423 4251 535 4356 eodem
558 4251 711 4317 Archino.
