2946 4912
169 389 172 407 ⁴
286 393 379 489 ,ιιι
477 381 478 388 ‘

170 593 173 600 ¹
292 605 436 673 Indidem
456 625 491 690 p
481 595 583 668 Ata
598 621 658 662 nro
679 597 789 660 xciv.
812 595 1030 661 Exemtionem
1044 538 1344 688 iionccpnflrtnauit

211 697 214 700 ’
344 697 417 756 Rex
436 687 671 754 Maximiiianut
689 688 779 746 Anno
800 685 963 758 MDLXV.
994 669 1164 748 die..le
1181 689 1343 765 Septem-

280 779 422 842 bris.
437 772 538 880 Apud
550 771 710 854 Kapriney
732 767 842 832 subB.
860 771 1107 833 tomoXXViH.
1126 771 1342 832 nroCXCIX

250 901 346 971 LVI.
369 875 523 960 Statonia
544 903 615 956 tota
631 891 782 952 liberata.
800 893 842 953 A
865 890 1004 958 1491.

344 1005 592 1105 Wiadisieus,
629 1004 699 1078 Der
712 1003 831 1105 gratia
853 1001 938 1076 Rex
959 1002 1180 1106 Hungariae
1198 1003 1342 1081 ·-Bohe

248 1115 348 1192 miae
372 1130 442 1191 etc
472 1111 706 1200 prudentes,
725 1111 1014 1210 circumspecti,
1042 1109 1216 1205 fideles,
1225 1111 1341 1186 nobis

243 1209 395 1298 sincere
422 1217 563 1294 dilecti.
583 1215 670 1293 Non
686 1213 904 1293 dubitamus
925 1243 995 1292 ¹vos
1011 1235 1171 1322 propter
1189 1242 1336 1292 nouam

245 1328 350 1405 illam
371 1351 547 1430 gueram,
576 1349 794 1428 nouamque
809 1321 1067 1419 hostilitatem,
1092 1351 1209 1429 quam
1232 1351 1340 1418 ιιοιι-

244 1435 364 1530 nulli,
383 1433 606 1536 capitanei,
617 1447 674 1508 et
686 1430 861 1531 Magistri
873 1430 1121 1528 Rhotherum,
1131 1449 1223 1506 cum
1244 1455 1340 1531 gen-

246 1543 350 1618 tibus
377 1543 454 1615 suis
473 1565 589 1644 penes
610 1536 914 1614 Iliu'strissimum
944 1538 1151 1614 Dominum
1190 1537 1340 1611 iohan-

190 1664 194 1672 ’
244 1671 334 1725 nem
352 1645 558 1724 Aibertum
579 1647 725 1720 Ducem
744 1661 815 1720 etc.
837 1641 997 1719 fratrem
1021 1663 1206 1734 nostrum,
1221 1671 1338 1746 prae-

243 1773 303 1832 ter
324 1781 479 1830 omnem
492 1751 649 1856 quidem
662 1777 767 1826 suam
779 1768 818 1826 et
833 1753 1138 1854 expectationem
1160 1770 1335 1828 nostram

243 1864 284 1936 in
313 1859 484 1962 partibus
504 1858 582 1932 iilis
604 1857 931 1959 superioribus,
921 1877 1171 1962 inceperunt,
1204 1857 1335 1958 piuri-

245 1994 353 2042 mum
374 1993 455 2042 esse
480 1965 748 2088 perturbatos,
768 1981 810 2038 et
828 1983 932 2040 metu
955 1966 1163 2072 perculsos.
1204 1965 1334 2052 Quare

244 2072 445 2149 fidelitates
466 2087 633 2162 vestias,
671 2071 768 2146 sicut
790 2097 861 2174 per
883 2071 976 2146 alias
1009 2088 1159 2147 nostras
1180 2068 1238 2146 his
1253 2069 1341 2144 die-

246 2179 316 2254 bus
344 2203 473 2252 sumus
496 2174 709 2270 adhortati,
740 2179 792 2252 ita
837 2195 877 2252 et
903 2180 1166 2282 praesentibus
1199 2202 1338 2252 rursus
1406 2236 1410 2254 ι

195 2371 204 2393 ί
244 2285 505 2362 adhortantes
530 2282 1220 2386 requirendoeduirimus,sitisboni
1248 2283 1333 2356 ani·

178 2458 181 2467 .
244 2394 319 2486 mi,
347 2405 564 2468 etomnem
585 2413 742 2514 prorsus
767 2342 1035 2485 formidinem,
1077 2409 1116 2466 et
1141 2391 1337 2466 turbatio
1375 2419 1390 2428 -

243 2523 332 2574 nem
356 2497 563 2592 abiiciens,
586 2521 656 2570 nos
675 2499 820 2601 quippe
844 2514 968 2600 partes
996 2499 1076 2574 ilias
1096 2489 1174 2572 non
1207 2497 1337 2598 negli-

131 2698 134 2705 .
245 2613 403 2732 genuus,
426 2629 498 2680 nce
515 2629 581 2679 vos
605 2604 685 2678 uile
703 2607 857 2680 ratione
861 2603 1103 2698 deseremus
1120 2619 1212 2684 etvt
1237 2604 1337 2676 scia-

245 2715 321 2806 tis,
340 2715 415 2788 iam
435 2707 675 2791 commodius
706 2727 821 2815 quam
844 2710 983 2814 hyeme
1006 2725 1196 2808 transacta
1225 2709 1334 2783 vobis

243 2844 465 2896 succurrere
515 2820 737 2922 poterimus.
779 2797 1099 2922 Quandoquidem
1140 2819 1337 2891 ciuitatem

181 2981 183 2990 „
244 2944 414 3002 nostram
439 2918 756 3024 Aibamregaiem
776 2953 799 2999 a
820 2927 993 3002 manibus
1004 2923 1241 3000 Serenrssrmr
1258 2924 1340 2999 Do-

27 3111 33 3120 ,
245 3035 339 3117 ιιιίιιί
365 3031 629 3110 Romanorum
645 3057 769 3133 regrs
805 3057 894 3106 cum
917 3033 987 3107 Dei
1027 3031 1193 3136 auxilio,
1225 3045 1340 3102 recu-

245 3140 464 3260 possuimus
483 3155 523 3211 et
553 3139 701 3241 plura'
691 3162 850 3238 insuper
873 3155 995 3214 eastra
1011 3139 1339 3242 expugnauimns,
1411 3189 1414 3194 a

71 3255 74 3266 '
127 3289 129 3301 ι
245 3246 367 3320 stiria
389 3243 658 3319 drebusetlem
682 3263 846 3320 castrum
870 3245 1336 3352 Weszprimienseexpu

245 3375 364 3450 gnare
404 3349 586 3442 fecimus,
599 3368 656 3424 et
693 3366 813 3426 totam
840 3352 982 3428 iilam
1014 3347 1339 3425 Solanoniam

213 3454 508 3532 ·liberauimus
547 3458 796 3558 Caeterum
785 3484 828 3532 ιιι
863 3459 1019 3535 Austria
1051 3480 1209 3560 quoque
1238 3472 1340 3530 certa
1393 3468 1427 3558 Ἰ

21 3597 24 3606 ’
137 3563 140 3568 ’
245 3581 389 3662 castra,
426 3565 471 3640 ad
502 3537 658 3670 portum
703 3565 946 3691 Danubphis
970 3562 1338 3666 diebusexpugnari

244 3624 421 3746 fecimus
452 3672 616 3777 Propter
634 3697 732 3772 quae
751 3698 877 3746 omma
899 3674 974 3748 iem
1009 3674 1122 3748 etiam
1158 3671 1338 3746 Serenis·

125 3822 129 3832 ,
195 3783 198 3791 '
244 3774 330 3851 simi
337 3779 536 3873 Domini,
557 3779 826 3855 Romanorum
839 3779 1105 3884 Imperatoret
1125 3777 1233 3868 Rex
1262 3799 1338 3848 no-

244 3881 393 3956 biscum
407 3885 558 3984 depace
579 3885 837 3959 etconoordia
859 3912 971 3988 agere
997 3900 1210 3985 coeperunt
1224 3881 1339 3956 achis
1453 3981 1456 3988 1

244 3977 380 4063 diebus
401 4011 580 4077 oratores
588 4008 626 4066 et
640 3993 866 4092 Consiliary
878 3996 1077 4120 utriusque
1099 3991 1221 4094 pertis
1251 3995 1345 4062 con·'

128 4188 130 4192 .
155 4178 158 4185 ,
246 4095 379 4172 uenire
398 4096 604 4173 debebunt
619 4100 724 4174 Certi
737 4118 865 4174 autem
886 4102 994 4192 sitis,
1017 4098 1340 4202 quodpostquam

245 4226 387 4292 nouam
403 4207 442 4308 in
470 4204 545 4284 iilis
577 4204 748 4305 partibus
774 4231 955 4306 guerram,
990 4223 1142 4310 praeter
1164 4219 1340 4278 nostram

248 4309 472 4474 opinionem
491 4328 530 4388 et
547 4312 879 4463 exspectationem,
904 4327 946 4388 vt
957 4333 1245 4416 praemisimus
1269 4333 1340 4384 ex
1380 4337 1382 4340 ·
1436 4411 1439 4417 Ι
