2914 4926
322 423 431 545 'aa
744 441 764 485 ⁰

330 683 457 744 tamen
478 662 672 768 praefatus
688 661 857 740 ioannes
873 659 1001 736 Banus
1019 661 1069 739 da
1090 657 1264 764 Korogb
1280 683 1321 739 et
1332 665 1419 740 Gas-
1439 731 1442 746 .

331 802 402 878 par
421 772 519 848 fitius
534 768 705 846 ciusdem
714 783 803 874 post
821 769 944 870 ipsius
964 767 1145 844 disturbii
1164 773 1349 872 proxime
1369 796 1431 846 se·.

237 877 241 884 ’
329 881 410 956 dati
432 897 582 982 tempus
594 874 769 976 „dictum
786 875 973 950 tributum
991 873 1039 948 ab
1058 877 1146 978 ipso
1168 875 1453 972 Monasterio,='

330 1004 371 1069 et
393 983 589 1089 praedicto
609 983 785 1057 Emerico
814 981 966 1085 Abbate
977 1002 1243 1084 occupassent,
1256 995 1299 1058 'at
1308 1009 1420 1084 quan-

6 1149 10 1164 .
51 1061 53 1066 Ι
95 1089 98 1094 ’
213 1103 227 1188 ἷ
298 1114 412 1172 'tum
439 1092 582 1166 vellent
602 1085 773 1178 homines
794 1089 914 1192 ipsius
941 1089 1111 1165 Domino
1132 1088 1279 1164 Abbati
1293 1089 1419 1164 darent

329 1198 379 1284 de
400 1195 536 1298 eodem
556 1189 727 1298 pote'ntia
746 1195 960 1291 mediante,
981 1196 1021 1270 in
1049 1192 1338 1300 praeiudicium
1362 1197 1418 1270 iu-

226 1353 240 1394 ,-
329 1306 383 1382 ris
405 1303 494 1378 dicti
523 1302 771 1394 Monnsterii,
799 1318 839 1377 et
857 1298 1041 1377 damnum
1065 1300 1242 1403 eiusdem
1264 1302 1415 1377 Domini

329 1411 490 1488 Abbatis
508 1408 618 1486 vaide
642 1431 845 1511 magnum,
863 1424 903 1483 et
924 1407 1018 1486 baec
1040 1409 1093 1484 sic
1116 1409 1188 1481 sita
1200 1407 1414 1504 fuisse,cx-

329 1515 579 1594 bibitionibus
602 1517 720 1589 trium
744 1515 946 1592 literarum
963 1515 1301 1616 inquisitoriarum
1312 1513 1417 1572 ...·'...

109 1677 135 1704 .,
184 1667 213 1717 ,ι
329 1623 443 1700 nobis
465 1621 514 1698 ad
534 1620 753 1698 amicabiles
783 1639 935 1698 nostras
965 1622 1171 1728 petitiones
1198 1623 1412 1726 rescripta-

330 1759 419 1811 rnm
436 1725 735 1835 comprobasset.
758 1726 904 1803 Ibidem
925 1729 966 1802 in
983 1727 1097 1803 buius
1106 1722 1411 1818 declarationem,

330 1855 377 1916 ut
401 1838 546 1916 dictum
564 1831 755 1910 tributum
773 1860 841 1910 seu
864 1835 1052 1910 telonium
1074 1850 1258 1910 annotato
1280 1833 1415 1908 Mona-

331 1945 452 2022 sterio
469 1942 517 2020 de
538 1941 662 2035 Ezeb,
695 1946 826 2046 et‘per
844 1965 1086 2046 consequens
1098 1937 1241 2016 Abbati
1263 1958 1307 2014 et
1325 1942 1414 2015 Con·

320 2054 461 2130 ,ventui
490 2047 660 2126 eiusdem
684 2045 907 2125 Monasterii
938 2047 1148 2156 pertineat,
1178 2037 1266 2123 tres*
1289 2041 1413 2121 literas

80 2151 84 2159 ’
199 2185 202 2198 ·
331 2154 444 2250 nobis
469 2157 950 2258 demonstrarat‚-quarum
968 2155 1092 2261 prima
1121 2151 1288 2233 condam
1319 2152 1412 2228 Petri
1450 2149 1455 2166 '

252 2291 260 2310 -’
335 2261 443 2339 Cbeb
471 2261 519 2338 de
549 2259 652 2338 Leto
685 2278 727 2337 et
753 2258 938 2366 Stephani
968 2261 1018 2346 de
1056 2260 1194 2366 Ujlnb,
1222 2259 1412 2366 Bonorum

334 2365 686 2464 Macboviensium3
714 2369 879 2446 secunda
899 2393 993 2444 vero
1023 2366 1232 2446 earundem
1257 2365 1413 2441 condam

336 2475 493 2553 Domini
514 2475 661 2550 Nicolai
683 2474 842 2549 Palatini
873 2473 1003 2552 Budae
1040 2467 1205 2550 secundo
1229 2471 1295 2548 die
1309 2475 1314 2482 ’
1329 2469 1407 2548 festi

333 2591 377 2664 B.
397 2581 546 2658 Nicolai
569 2577 807 2676 confessoris
828 2579 870 2654 in
895 2607 995 2659 anno
1018 2581 1177 2659 Domini
1198 2579 1413 2673 Millesimo,

332 2690 628 2784 trecentesimo,
657 2685 949 2790 quadragesimo
964 2689 1091 2794 primo
1110 2704 1288 2793 patenter
1314 2715 1413 2763 ema-

301 2873 305 2898 ,
327 2787 424 2872 ¹nata
450 2794 635 2872 declarat:
656 2793 771 2884 Quod
789 2794 995 2898 religiosus
1013 2792 1132 2870 frater
1140 2793 1321 2888 Thomas,
1336 2793 1413 2870 Ab·

335 2905 404 2980 bas
423 2905 472 2980 de
493 2899 690 2990 Czilrador,
709 2926 783 3004 pro
805 2927 845 2978 se
869 2895 1131 3005 personaliter,
1148 2929 1223 3003 pro
1236 2901 1414 2977 Conven-

334 3027 379 3088 tu
402 3009 474 3084 loci
489 3005 659 3083 eiusdem
675 3005 854 3084 Nicolaus
870 3004 1135 3105 'Plebannsde
1168 3009 1297 3102 Ezeb,
1334 3033 1415 3082 cum
1446 3080 1451 3089 ,

332 3114 605 3224 procuratoriis
626 3113 749 3189 literis
771 3111 953 3210 ,eiusdem
992 3114 1040 3189 ab
1073 3141 1165 3212 una,
1200 3117 1300 3188 item
1336 3115 1416 3188 Ma-

334 3227 455 3328 gister
476 3219 611 3323 Pbilpe
634 3237 673 3294 et
691 3220 889 3299 Ladislaus
910 3219 978 3296 filii
997 3221 1149 3323 Philpes
1178 3217 1227 3297 de
1254 3217 1412 3324 Korogb

261 3347 264 3356 '
332 3331 513 3406 similiten
525 3327 778 3432 personaliter
803 3326 920 3430 parte·
930 3354 978 3404 ex
997 3329 1136 3423 altera,
1160 3351 1295 3406 coram
1314 3325 1412 3430 dicto

331 3439 501 3513 Domino
517 3451 651 3508 nostro
663 3435 833 3508 Palatino
854 3435 1050 3510 constituti
1066 3432 1229 3512 confessi
1245 3433 1413 3528 fuissent,
1432 3519 1441 3530 ,

333 3543 438 3645 quod
461 3543 535 3648 ipsi
563 3543 602 3616 in
621 3567 752 3637 causa,
773 3565 887 3645 quam
909 3540 1068 3644 praefati
1090 3541 1221 3617 Abbas
1241 3559 1282 3618 et
1309 3543 1437 3616 con-⁸

331 3666 467 3728 ventus
493 3664 623 3724 contra
642 3652 745 3750 ipsos
764 3648 863 3726 filios
883 3647 1035 3752 Philpes
1060 3645 1274 3750 etKorogb
1295 3643 1337 3721 i'n
1357 3645 1413 3722 fa·

332 3775 396 3836 cto
416 3756 660 3862 possessionis
674 3754 815 3858 Knny,
836 3779 886 3835 ,ac
903 3753 1056 3830 duabus
1079 3751 1250 3860 partibus
1274 3754 1409 3830 tributi

331 3880 468 3968 portus
489 3858 594 3934 fluvii
625 3860 776 3938 Drnvae
814 3875 854 3937 ct
887 3857 1064 3937 Tbelonii
1097 3864 1137 3934 in
1175 3863 1411 3968 possessione

330 3968 433 4044 Ezeb
448 3967 546 4067 exigi
577 3972 768 4063 consvcti,
795 3995 924 4044 coram
943 3969 1090 4044 Comite
1109 3967 1260 4044 Tboma
1278 3970 1301 4040 J
1305 3967 1409 4042 udica

30 4072 32 4080 ¹
146 4151 152 4166 Κ
207 4079 223 4126 i
332 4075 480 4171 Curiae³
502 4090 655 4171 nostrae
682 4078 809 4179 regiae
838 4098 994 4152 movere
1030 4073 1308 4169 intendissent,
1346 4098 1411 4177 pet·

223 4275 226 4279 ι
330 4180 652 4284 compositionem
674 4183 889 4283 proborum
903 4183 1080 4256 virorum
1101 4183 1231 4282 taliter
1251 4209 1410 4257 concor-

331 4291 501 4369 dassent:
524 4284 628 4389 quod
641 4286 682 4364 in
701 4291 843 4366 octavis
856 4285 972 4370 medii
993 4285 1305 4393 quadragesimae
1327 4308 1408 4366 tuac
