<?xml version="1.0" encoding="UTF-8"?>
<!DOCTYPE html PUBLIC "-//W3C//DTD XHTML 1.0 Transitional//EN"
    "http://www.w3.org/TR/xhtml1/DTD/xhtml1-transitional.dtd">
<html xmlns="http://www.w3.org/1999/xhtml" xml:lang="en" lang="en">
 <head>
  <title>
</title>
<meta http-equiv="Content-Type" content="text/html;charset=utf-8" />
  <meta name='ocr-system' content='tesseract 3.04.00' />
  <meta name='ocr-capabilities' content='ocr_page ocr_carea ocr_par ocr_line ocrx_word'/>
</head>
<body>
  <div class='ocr_page' id='page_1' title='image "./croatiaeacslavo00fejgoog_0100.png"; bbox 0 0 2968 4904; ppageno 0'>
   <div class='ocr_carea' id='block_1_1' title="bbox 337 397 447 476">
    <p class='ocr_par' dir='ltr' id='par_1_1' title="bbox 337 397 447 476">
     <span class='ocr_line' id='line_1_1' title="bbox 337 397 447 476; baseline -0.009 0"><span class='ocrx_word' id='word_1_1' title='bbox 337 397 447 476; x_wconf 74' lang='lat'><strong>94&#39;</strong></span> 
     </span>
    </p>
   </div>
   <div class='ocr_carea' id='block_1_2' title="bbox 184 611 1479 1252">
    <p class='ocr_par' dir='ltr' id='par_1_2' title="bbox 184 611 1479 1150">
     <span class='ocr_line' id='line_1_2' title="bbox 198 611 1478 722; baseline 0.002 -34"><span class='ocrx_word' id='word_1_2' title='bbox 198 629 200 638; x_wconf 81' lang='grc'>’</span> <span class='ocrx_word' id='word_1_3' title='bbox 282 613 424 690; x_wconf 83' lang='lat' dir='ltr'><strong>Konisa</strong></span> <span class='ocrx_word' id='word_1_4' title='bbox 441 630 480 692; x_wconf 86' lang='lat' dir='ltr'><strong>et</strong></span> <span class='ocrx_word' id='word_1_5' title='bbox 502 611 712 695; x_wconf 78' lang='lat' dir='ltr'><strong>Berttotdo</strong></span> <span class='ocrx_word' id='word_1_6' title='bbox 737 617 958 698; x_wconf 80' lang='lat' dir='ltr'><strong>Eldanboclt</strong></span> <span class='ocrx_word' id='word_1_7' title='bbox 983 617 1031 696; x_wconf 90' lang='lat' dir='ltr'><strong>de</strong></span> <span class='ocrx_word' id='word_1_8' title='bbox 1057 615 1376 722; x_wconf 79' lang='lat' dir='ltr'><strong>Monyorolerek</strong></span> <span class='ocrx_word' id='word_1_9' title='bbox 1477 657 1478 678; x_wconf 63' lang='lat'><em>÷</em></span> 
     </span>
     <span class='ocr_line' id='line_1_3' title="bbox 184 722 1377 830; baseline 0.003 -34"><span class='ocrx_word' id='word_1_10' title='bbox 184 769 187 784; x_wconf 86' lang='lat'>·</span> <span class='ocrx_word' id='word_1_11' title='bbox 281 722 506 824; x_wconf 78' lang='lat' dir='ltr'><strong>Agaronum</strong></span> <span class='ocrx_word' id='word_1_12' title='bbox 530 735 749 818; x_wconf 85' lang='lat' dir='ltr'><strong>nostrorum</strong></span> <span class='ocrx_word' id='word_1_13' title='bbox 768 727 970 828; x_wconf 82' lang='lat' dir='ltr'><strong>Regalium</strong></span> <span class='ocrx_word' id='word_1_14' title='bbox 983 726 1197 830; x_wconf 80' lang='lat' dir='ltr'><strong>Magistris‚</strong></span> <span class='ocrx_word' id='word_1_15' title='bbox 1214 725 1377 808; x_wconf 78' lang='lat' dir='ltr'><strong>Andrea</strong></span> 
     </span>
     <span class='ocr_line' id='line_1_4' title="bbox 287 801 1377 927; baseline 0.004 -25"><span class='ocrx_word' id='word_1_16' title='bbox 287 826 555 927; x_wconf 72' lang='lat' dir='ltr'><strong>Pankyrclaer,</strong></span> <span class='ocrx_word' id='word_1_17' title='bbox 579 801 781 908; x_wconf 63' lang='lat' dir='ltr'><strong>dosonien.</strong></span> <span class='ocrx_word' id='word_1_18' title='bbox 800 852 841 914; x_wconf 77' lang='lat' dir='ltr'><strong>et</strong></span> <span class='ocrx_word' id='word_1_19' title='bbox 860 833 977 908; x_wconf 83' lang='lat' dir='ltr'><strong>Pet-ro</strong></span> <span class='ocrx_word' id='word_1_20' title='bbox 997 828 1045 908; x_wconf 87' lang='lat' dir='ltr'><strong>de</strong></span> <span class='ocrx_word' id='word_1_21' title='bbox 1075 833 1201 910; x_wconf 78' lang='lat' dir='ltr'><strong>Zolol</strong></span> <span class='ocrx_word' id='word_1_22' title='bbox 1228 833 1377 926; x_wconf 63' lang='lat' dir='ltr'><strong>Temo-¹</strong></span> 
     </span>
     <span class='ocr_line' id='line_1_5' title="bbox 286 933 1478 1042; baseline 0.005 -32"><span class='ocrx_word' id='word_1_23' title='bbox 286 936 381 1010; x_wconf 91' lang='lat' dir='ltr'><strong>sien.</strong></span> <span class='ocrx_word' id='word_1_24' title='bbox 397 933 610 1014; x_wconf 85' lang='lat' dir='ltr'><strong>Comitibus</strong></span> <span class='ocrx_word' id='word_1_25' title='bbox 622 993 633 1032; x_wconf 89' lang='lat'>,</span> <span class='ocrx_word' id='word_1_26' title='bbox 646 969 648 977; x_wconf 56' lang='lat'><strong>⁴</strong></span> <span class='ocrx_word' id='word_1_27' title='bbox 660 937 825 1036; x_wconf 83' lang='lat' dir='ltr'><strong>aliisque</strong></span> <span class='ocrx_word' id='word_1_28' title='bbox 846 939 1151 1042; x_wconf 79' lang='lat' dir='ltr'><strong>quampluribus</strong></span> <span class='ocrx_word' id='word_1_29' title='bbox 1169 939 1279 1041; x_wconf 83' lang='lat' dir='ltr'><strong>regni</strong></span> <span class='ocrx_word' id='word_1_30' title='bbox 1297 964 1377 1016; x_wconf 87' lang='lat' dir='ltr'><strong>no·</strong></span> <span class='ocrx_word' id='word_1_31' title='bbox 1477 935 1478 1030; x_wconf 53' lang='lat' dir='ltr'>J</span> 
     </span>
     <span class='ocr_line' id='line_1_6' title="bbox 204 1039 1479 1150; baseline 0.005 -35"><span class='ocrx_word' id='word_1_32' title='bbox 204 1091 207 1098; x_wconf 86' lang='lat'>.</span> <span class='ocrx_word' id='word_1_33' title='bbox 287 1041 355 1116; x_wconf 81' lang='lat' dir='ltr'><strong>stri</strong></span> <span class='ocrx_word' id='word_1_34' title='bbox 379 1041 588 1126; x_wconf 70' lang='lat' dir='ltr'><strong>Comitatus</strong></span> <span class='ocrx_word' id='word_1_35' title='bbox 615 1046 831 1148; x_wconf 80' lang='lat' dir='ltr'><strong>tenentibus</strong></span> <span class='ocrx_word' id='word_1_36' title='bbox 848 1061 887 1122; x_wconf 89' lang='lat' dir='ltr'><strong>et</strong></span> <span class='ocrx_word' id='word_1_37' title='bbox 905 1039 1110 1121; x_wconf 83' lang='lat' dir='ltr'><strong>honores.“</strong></span> <span class='ocrx_word' id='word_1_38' title='bbox 1125 1047 1177 1144; x_wconf 79' lang='lat' dir='ltr'><strong>¹L.</strong></span> <span class='ocrx_word' id='word_1_39' title='bbox 1188 1043 1226 1118; x_wconf 88' lang='lat' dir='ltr'><strong>S.</strong></span> <span class='ocrx_word' id='word_1_40' title='bbox 1253 1045 1375 1150; x_wconf 86' lang='lat' dir='ltr'><strong>pend.</strong></span> <span class='ocrx_word' id='word_1_41' title='bbox 1478 1085 1479 1094; x_wconf 18' lang='grc' dir='ltr'><strong>κ</strong></span> 
     </span>
    </p>

    <p class='ocr_par' dir='ltr' id='par_1_3' title="bbox 237 1135 1324 1252">
     <span class='ocr_line' id='line_1_7' title="bbox 237 1135 1324 1252; baseline 0.006 -24"><span class='ocrx_word' id='word_1_42' title='bbox 237 1199 239 1206; x_wconf 91' lang='grc'><strong><em>·</em></strong></span> <span class='ocrx_word' id='word_1_43' title='bbox 294 1169 378 1228; x_wconf 56' lang='lat' dir='ltr'><strong>‘lia</strong></span> <span class='ocrx_word' id='word_1_44' title='bbox 400 1135 543 1252; x_wconf 75' lang='lat' dir='ltr'><strong>originldi</strong></span> <span class='ocrx_word' id='word_1_45' title='bbox 561 1169 592 1229; x_wconf 93' lang='lat' dir='ltr'><strong>in</strong></span> <span class='ocrx_word' id='word_1_46' title='bbox 615 1167 747 1232; x_wconf 79' lang='lat' dir='ltr'><strong>archiuo</strong></span> <span class='ocrx_word' id='word_1_47' title='bbox 763 1167 921 1234; x_wconf 77' lang='lat' dir='ltr'><strong>camerali</strong></span> <span class='ocrx_word' id='word_1_48' title='bbox 938 1170 1087 1235; x_wconf 81' lang='lat' dir='ltr'><strong>existent.</strong></span> <span class='ocrx_word' id='word_1_49' title='bbox 1323 1159 1324 1166; x_wconf 9' lang='grc' dir='ltr'>ἵ</span> 
     </span>
    </p>
   </div>
   <div class='ocr_carea' id='block_1_3' title="bbox 285 1363 1387 1566">
    <p class='ocr_par' dir='ltr' id='par_1_4' title="bbox 285 1363 1387 1566">
     <span class='ocr_line' id='line_1_8' title="bbox 285 1363 1387 1462; baseline -0.003 -36"><span class='ocrx_word' id='word_1_50' title='bbox 285 1363 361 1430; x_wconf 86' lang='lat' dir='ltr'><em>LII.</em></span> <span class='ocrx_word' id='word_1_51' title='bbox 383 1363 534 1426; x_wconf 77' lang='lat' dir='ltr'><strong>Cartmm</strong></span> <span class='ocrx_word' id='word_1_52' title='bbox 552 1376 581 1424; x_wconf 86' lang='lat' dir='ltr'><strong>et</strong></span> <span class='ocrx_word' id='word_1_53' title='bbox 609 1363 784 1434; x_wconf 72' lang='lat' dir='ltr'><strong>Comitatus</strong></span> <span class='ocrx_word' id='word_1_54' title='bbox 809 1365 963 1427; x_wconf 60' lang='lat' dir='ltr'><strong>Versum</strong></span> <span class='ocrx_word' id='word_1_55' title='bbox 982 1367 1016 1426; x_wconf 79' lang='lat' dir='ltr'><strong>in</strong></span> <span class='ocrx_word' id='word_1_56' title='bbox 1036 1364 1212 1462; x_wconf 51' lang='lat' dir='ltr'><strong>Hungurga</strong></span> <span class='ocrx_word' id='word_1_57' title='bbox 1238 1373 1302 1424; x_wconf 76' lang='lat' dir='ltr'><strong>nm</strong></span> <span class='ocrx_word' id='word_1_58' title='bbox 1341 1364 1387 1424; x_wconf 81' lang='lat' dir='ltr'><strong>in·</strong></span> 
     </span>
     <span class='ocr_line' id='line_1_9' title="bbox 380 1471 924 1566; baseline 0.004 -34"><span class='ocrx_word' id='word_1_59' title='bbox 380 1492 475 1556; x_wconf 73' lang='lat' dir='ltr'><strong>regno</strong></span> <span class='ocrx_word' id='word_1_60' title='bbox 495 1472 692 1566; x_wconf 71' lang='lat' dir='ltr'><strong>Sclauoniae.</strong></span> <span class='ocrx_word' id='word_1_61' title='bbox 719 1475 807 1534; x_wconf 82' lang='lat' dir='ltr'><strong>Anno</strong></span> <span class='ocrx_word' id='word_1_62' title='bbox 827 1471 924 1539; x_wconf 80' lang='lat'><strong>1474.</strong></span> 
     </span>
    </p>
   </div>
   <div class='ocr_carea' id='block_1_4' title="bbox 288 1613 1479 2050">
    <p class='ocr_par' dir='ltr' id='par_1_5' title="bbox 288 1613 1479 2050">
     <span class='ocr_line' id='line_1_10' title="bbox 381 1613 1479 1729; baseline -0.002 -29"><span class='ocrx_word' id='word_1_63' title='bbox 381 1623 461 1700; x_wconf 87' lang='lat' dir='ltr'><strong>Nos</strong></span> <span class='ocrx_word' id='word_1_64' title='bbox 484 1621 657 1716; x_wconf 70' lang='lat' dir='ltr'><strong>Matthias,</strong></span> <span class='ocrx_word' id='word_1_65' title='bbox 679 1625 749 1702; x_wconf 91' lang='lat' dir='ltr'><strong>Dei</strong></span> <span class='ocrx_word' id='word_1_66' title='bbox 762 1628 882 1727; x_wconf 83' lang='lat' dir='ltr'><strong>gratia</strong></span> <span class='ocrx_word' id='word_1_67' title='bbox 902 1625 988 1702; x_wconf 86' lang='lat' dir='ltr'><strong>Rex</strong></span> <span class='ocrx_word' id='word_1_68' title='bbox 1005 1625 1235 1729; x_wconf 78' lang='lat' dir='ltr'><strong>Hungariae,</strong></span> <span class='ocrx_word' id='word_1_69' title='bbox 1249 1613 1376 1700; x_wconf 86' lang='lat' dir='ltr'><strong>Bohe-</strong></span> <span class='ocrx_word' id='word_1_70' title='bbox 1478 1663 1479 1726; x_wconf 69' lang='lat'>3</span> 
     </span>
     <span class='ocr_line' id='line_1_11' title="bbox 289 1731 1375 1834; baseline 0 -28"><span class='ocrx_word' id='word_1_71' title='bbox 289 1731 408 1825; x_wconf 88' lang='lat' dir='ltr'><strong>miae,</strong></span> <span class='ocrx_word' id='word_1_72' title='bbox 428 1746 496 1805; x_wconf 89' lang='lat' dir='ltr'><strong>etc.</strong></span> <span class='ocrx_word' id='word_1_73' title='bbox 527 1734 738 1808; x_wconf 80' lang='lat' dir='ltr'><strong>Memoriae</strong></span> <span class='ocrx_word' id='word_1_74' title='bbox 765 1733 1091 1825; x_wconf 83' lang='lat' dir='ltr'>commendamus,</span> <span class='ocrx_word' id='word_1_75' title='bbox 1113 1753 1375 1834; x_wconf 81' lang='lat' dir='ltr'><strong>tenoreprae-</strong></span> 
     </span>
     <span class='ocr_line' id='line_1_12' title="bbox 288 1828 1450 1944; baseline -0.004 -29"><span class='ocrx_word' id='word_1_76' title='bbox 288 1841 453 1915; x_wconf 87' lang='lat' dir='ltr'><strong>sentium</strong></span> <span class='ocrx_word' id='word_1_77' title='bbox 492 1839 766 1944; x_wconf 55' lang='lat' dir='ltr'><strong>significantem</strong></span> <span class='ocrx_word' id='word_1_78' title='bbox 799 1840 938 1944; x_wconf 87' lang='lat' dir='ltr'><strong>quibus</strong></span> <span class='ocrx_word' id='word_1_79' title='bbox 975 1839 1130 1942; x_wconf 85' lang='lat' dir='ltr'><strong>expedit</strong></span> <span class='ocrx_word' id='word_1_80' title='bbox 1163 1828 1395 1915; x_wconf 64' lang='lat' dir='ltr'><strong>vniuersist&#39;</strong></span> <span class='ocrx_word' id='word_1_81' title='bbox 1447 1884 1450 1888; x_wconf 95' lang='lat'>-</span> 
     </span>
     <span class='ocr_line' id='line_1_13' title="bbox 288 1943 1479 2050; baseline 0.003 -35"><span class='ocrx_word' id='word_1_82' title='bbox 288 1948 402 2034; x_wconf 91' lang='lat' dir='ltr'><strong>Quod</strong></span> <span class='ocrx_word' id='word_1_83' title='bbox 421 1943 522 2038; x_wconf 87' lang='lat' dir='ltr'><strong>Nos,</strong></span> <span class='ocrx_word' id='word_1_84' title='bbox 550 1950 615 2049; x_wconf 90' lang='lat' dir='ltr'><strong>qui</strong></span> <span class='ocrx_word' id='word_1_85' title='bbox 630 1948 733 2046; x_wconf 85' lang='lat' dir='ltr'><strong>regia</strong></span> <span class='ocrx_word' id='word_1_86' title='bbox 754 1966 880 2020; x_wconf 84' lang='lat' dir='ltr'><strong>nostra</strong></span> <span class='ocrx_word' id='word_1_87' title='bbox 895 1947 1120 2023; x_wconf 79' lang='lat' dir='ltr'><strong>liberalitate</strong></span> <span class='ocrx_word' id='word_1_88' title='bbox 1137 1947 1235 2023; x_wconf 86' lang='lat' dir='ltr'><strong>bene</strong></span> <span class='ocrx_word' id='word_1_89' title='bbox 1253 1947 1376 2020; x_wconf 87' lang='lat' dir='ltr'><strong>meri-</strong></span> <span class='ocrx_word' id='word_1_90' title='bbox 1478 2019 1479 2050; x_wconf 25' lang='grc' dir='ltr'>Ξ</span> 
     </span>
    </p>
   </div>
   <div class='ocr_carea' id='block_1_5' title="bbox 136 2029 1376 2156">
    <p class='ocr_par' dir='ltr' id='par_1_6' title="bbox 136 2029 1376 2156">
     <span class='ocr_line' id='line_1_14' title="bbox 136 2029 1376 2156; baseline 0.001 -31"><span class='ocrx_word' id='word_1_91' title='bbox 136 2029 140 2042; x_wconf 48' lang='grc'><strong>”</strong></span> <span class='ocrx_word' id='word_1_92' title='bbox 205 2117 208 2126; x_wconf 75' lang='grc'>,</span> <span class='ocrx_word' id='word_1_93' title='bbox 287 2067 415 2125; x_wconf 81' lang='lat' dir='ltr'><strong>torum</strong></span> <span class='ocrx_word' id='word_1_94' title='bbox 446 2052 629 2152; x_wconf 86' lang='lat' dir='ltr'><strong>obsequia</strong></span> <span class='ocrx_word' id='word_1_95' title='bbox 646 2051 772 2152; x_wconf 81' lang='lat' dir='ltr'><strong>dignis</strong></span> <span class='ocrx_word' id='word_1_96' title='bbox 795 2053 1114 2156; x_wconf 80' lang='lat' dir='ltr'><strong>retributionibus</strong></span> <span class='ocrx_word' id='word_1_97' title='bbox 1142 2049 1376 2153; x_wconf 76' lang='lat' dir='ltr'><strong>reeompen-</strong></span> 
     </span>
    </p>
   </div>
   <div class='ocr_carea' id='block_1_6' title="bbox 168 2157 1480 4394">
    <p class='ocr_par' dir='ltr' id='par_1_7' title="bbox 168 2157 1480 4394">
     <span class='ocr_line' id='line_1_15' title="bbox 270 2157 1376 2248; baseline 0.003 -18"><span class='ocrx_word' id='word_1_98' title='bbox 270 2184 370 2232; x_wconf 84' lang='lat' dir='ltr'><strong>.sare</strong></span> <span class='ocrx_word' id='word_1_99' title='bbox 406 2157 510 2229; x_wconf 90' lang='lat' dir='ltr'><strong>soliti</strong></span> <span class='ocrx_word' id='word_1_100' title='bbox 545 2157 698 2248; x_wconf 74' lang='lat' dir='ltr'><strong>sumus,</strong></span> <span class='ocrx_word' id='word_1_101' title='bbox 733 2161 981 2234; x_wconf 86' lang='lat' dir='ltr'><strong>consideratis</strong></span> <span class='ocrx_word' id='word_1_102' title='bbox 1000 2160 1180 2236; x_wconf 82' lang='lat' dir='ltr'><strong>fidelitate</strong></span> <span class='ocrx_word' id='word_1_103' title='bbox 1203 2177 1241 2234; x_wconf 87' lang='lat' dir='ltr'><strong>et</strong></span> <span class='ocrx_word' id='word_1_104' title='bbox 1278 2157 1376 2234; x_wconf 88' lang='lat' dir='ltr'><strong>fide-</strong></span> 
     </span>
     <span class='ocr_line' id='line_1_16' title="bbox 289 2263 1452 2368; baseline 0.005 -32"><span class='ocrx_word' id='word_1_105' title='bbox 289 2265 389 2338; x_wconf 90' lang='lat' dir='ltr'><strong>libus</strong></span> <span class='ocrx_word' id='word_1_106' title='bbox 414 2263 579 2339; x_wconf 85' lang='lat' dir='ltr'><strong>seruitiis</strong></span> <span class='ocrx_word' id='word_1_107' title='bbox 599 2263 895 2362; x_wconf 83' lang='lat' dir='ltr'><strong>Fidelisnostri,</strong></span> <span class='ocrx_word' id='word_1_108' title='bbox 924 2266 1072 2360; x_wconf 84' lang='lat' dir='ltr'><strong>dilecti,</strong></span> <span class='ocrx_word' id='word_1_109' title='bbox 1087 2265 1277 2368; x_wconf 81' lang='lat' dir='ltr'><strong>Magnifici</strong></span> <span class='ocrx_word' id='word_1_110' title='bbox 1298 2263 1376 2337; x_wconf 46' lang='lat' dir='ltr'><strong>Ni*</strong></span> <span class='ocrx_word' id='word_1_111' title='bbox 1449 2334 1452 2342; x_wconf 83' lang='lat'>.</span> 
     </span>
     <span class='ocr_line' id='line_1_17' title="bbox 266 2369 1374 2472; baseline -0.002 -28"><span class='ocrx_word' id='word_1_112' title='bbox 266 2371 388 2444; x_wconf 67' lang='lat' dir='ltr'><strong>‘colai</strong></span> <span class='ocrx_word' id='word_1_113' title='bbox 413 2369 529 2464; x_wconf 86' lang='lat' dir='ltr'><strong>Bani,</strong></span> <span class='ocrx_word' id='word_1_114' title='bbox 553 2370 601 2472; x_wconf 83' lang='lat' dir='ltr'><strong>de</strong></span> <span class='ocrx_word' id='word_1_115' title='bbox 636 2373 729 2444; x_wconf 87' lang='lat' dir='ltr'><strong>Also</strong></span> <span class='ocrx_word' id='word_1_116' title='bbox 760 2370 927 2467; x_wconf 87' lang='lat' dir='ltr'><strong>Lindva,</strong></span> <span class='ocrx_word' id='word_1_117' title='bbox 963 2373 1123 2446; x_wconf 88' lang='lat' dir='ltr'><strong>Comitis</strong></span> <span class='ocrx_word' id='word_1_118' title='bbox 1160 2375 1374 2450; x_wconf 85' lang='lat' dir='ltr'><strong>Posonien-</strong></span> 
     </span>
     <span class='ocr_line' id='line_1_18' title="bbox 289 2476 1374 2580; baseline 0.003 -29"><span class='ocrx_word' id='word_1_119' title='bbox 289 2479 361 2567; x_wconf 82' lang='lat' dir='ltr'><strong>sis,</strong></span> <span class='ocrx_word' id='word_1_120' title='bbox 390 2501 488 2574; x_wconf 85' lang='lat' dir='ltr'><strong>quae</strong></span> <span class='ocrx_word' id='word_1_121' title='bbox 514 2501 591 2552; x_wconf 87' lang='lat' dir='ltr'><strong>non</strong></span> <span class='ocrx_word' id='word_1_122' title='bbox 612 2476 668 2550; x_wconf 55' lang='lat' dir='ltr'><strong>adr</strong></span> <span class='ocrx_word' id='word_1_123' title='bbox 677 2481 916 2580; x_wconf 82' lang='lat' dir='ltr'><strong>peregrinam</strong></span> <span class='ocrx_word' id='word_1_124' title='bbox 931 2479 1175 2573; x_wconf 86' lang='lat' dir='ltr'><strong>laudem‚sed</strong></span> <span class='ocrx_word' id='word_1_125' title='bbox 1190 2481 1237 2556; x_wconf 90' lang='lat' dir='ltr'><strong>ad</strong></span> <span class='ocrx_word' id='word_1_126' title='bbox 1248 2482 1374 2554; x_wconf 89' lang='lat' dir='ltr'><strong>visum</strong></span> 
     </span>
     <span class='ocr_line' id='line_1_19' title="bbox 183 2579 1374 2689; baseline 0.003 -32"><span class='ocrx_word' id='word_1_127' title='bbox 183 2633 190 2642; x_wconf 53' lang='grc' dir='ltr'><em>ι</em></span> <span class='ocrx_word' id='word_1_128' title='bbox 289 2597 328 2658; x_wconf 90' lang='lat' dir='ltr'><strong>ct</strong></span> <span class='ocrx_word' id='word_1_129' title='bbox 347 2583 725 2686; x_wconf 81' lang='lat' dir='ltr'><strong>circumspectionem</strong></span> <span class='ocrx_word' id='word_1_130' title='bbox 750 2590 928 2689; x_wconf 87' lang='lat' dir='ltr'><strong>propriae</strong></span> <span class='ocrx_word' id='word_1_131' title='bbox 965 2604 1118 2684; x_wconf 74' lang='lat' dir='ltr'><strong>nostrae</strong></span> <span class='ocrx_word' id='word_1_132' title='bbox 1145 2579 1374 2678; x_wconf 84' lang='lat' dir='ltr'><strong>industriae,</strong></span> 
     </span>
     <span class='ocr_line' id='line_1_20' title="bbox 288 2689 1480 2794; baseline 0 -30"><span class='ocrx_word' id='word_1_133' title='bbox 288 2689 399 2764; x_wconf 88' lang='lat' dir='ltr'><strong>nobis</strong></span> <span class='ocrx_word' id='word_1_134' title='bbox 420 2713 615 2794; x_wconf 79' lang='lat' dir='ltr'><strong>regnoque</strong></span> <span class='ocrx_word' id='word_1_135' title='bbox 641 2709 678 2767; x_wconf 88' lang='lat' dir='ltr'><strong>et</strong></span> <span class='ocrx_word' id='word_1_136' title='bbox 698 2693 872 2769; x_wconf 89' lang='lat' dir='ltr'><strong>Coronae</strong></span> <span class='ocrx_word' id='word_1_137' title='bbox 883 2691 1051 2778; x_wconf 85' lang='lat' dir='ltr'><strong>exhibita</strong></span> <span class='ocrx_word' id='word_1_138' title='bbox 1067 2719 1147 2771; x_wconf 91' lang='lat' dir='ltr'><strong>esse</strong></span> <span class='ocrx_word' id='word_1_139' title='bbox 1161 2695 1299 2770; x_wconf 91' lang='lat' dir='ltr'><strong>merito</strong></span> <span class='ocrx_word' id='word_1_140' title='bbox 1310 2691 1373 2766; x_wconf 93' lang='lat' dir='ltr'><strong>di·</strong></span> <span class='ocrx_word' id='word_1_141' title='bbox 1479 2705 1480 2738; x_wconf 72' lang='lat'><em>³</em></span> 
     </span>
     <span class='ocr_line' id='line_1_21' title="bbox 286 2789 1373 2900; baseline 0.001 -29"><span class='ocrx_word' id='word_1_142' title='bbox 286 2823 376 2872; x_wconf 87' lang='lat' dir='ltr'><strong>cere</strong></span> <span class='ocrx_word' id='word_1_143' title='bbox 406 2825 629 2900; x_wconf 89' lang='lat' dir='ltr'><strong>possumus,</strong></span> <span class='ocrx_word' id='word_1_144' title='bbox 647 2819 688 2874; x_wconf 87' lang='lat' dir='ltr'><strong>et</strong></span> <span class='ocrx_word' id='word_1_145' title='bbox 707 2797 843 2893; x_wconf 82' lang='lat' dir='ltr'><strong>sateri3</strong></span> <span class='ocrx_word' id='word_1_146' title='bbox 870 2803 904 2874; x_wconf 90' lang='lat' dir='ltr'><strong>is</strong></span> <span class='ocrx_word' id='word_1_147' title='bbox 941 2800 1064 2874; x_wconf 87' lang='lat' dir='ltr'><strong>adhuc</strong></span> <span class='ocrx_word' id='word_1_148' title='bbox 1087 2789 1311 2879; x_wconf 75' lang='lat' dir='ltr'><strong>adolescens</strong></span> <span class='ocrx_word' id='word_1_149' title='bbox 1333 2825 1373 2873; x_wconf 89' lang='lat' dir='ltr'><strong>se</strong></span> 
     </span>
     <span class='ocr_line' id='line_1_22' title="bbox 289 2896 1374 3010; baseline 0.002 -34"><span class='ocrx_word' id='word_1_150' title='bbox 289 2905 459 2976; x_wconf 86' lang='lat' dir='ltr'><strong>seruitiis</strong></span> <span class='ocrx_word' id='word_1_151' title='bbox 476 2907 615 2980; x_wconf 87' lang='lat' dir='ltr'><strong>nostris</strong></span> <span class='ocrx_word' id='word_1_152' title='bbox 634 2896 847 3010; x_wconf 81' lang='lat' dir='ltr'><strong>implicuit,</strong></span> <span class='ocrx_word' id='word_1_153' title='bbox 865 2925 904 2982; x_wconf 90' lang='lat' dir='ltr'><strong>et</strong></span> <span class='ocrx_word' id='word_1_154' title='bbox 927 2935 998 2984; x_wconf 90' lang='lat' dir='ltr'><strong>nos</strong></span> <span class='ocrx_word' id='word_1_155' title='bbox 1025 2927 1177 2984; x_wconf 83' lang='lat' dir='ltr'><strong>secutus</strong></span> <span class='ocrx_word' id='word_1_156' title='bbox 1197 2917 1277 2998; x_wconf 87' lang='lat' dir='ltr'><strong>est,</strong></span> <span class='ocrx_word' id='word_1_157' title='bbox 1302 2929 1374 2987; x_wconf 83' lang='lat' dir='ltr'><strong>nec</strong></span> 
     </span>
     <span class='ocr_line' id='line_1_23' title="bbox 292 3009 1374 3112; baseline 0.003 -30"><span class='ocrx_word' id='word_1_158' title='bbox 292 3009 467 3082; x_wconf 85' lang='lat' dir='ltr'><strong>discessit</strong></span> <span class='ocrx_word' id='word_1_159' title='bbox 484 3010 617 3109; x_wconf 73' lang='lat' dir='ltr'><strong>,quoad</strong></span> <span class='ocrx_word' id='word_1_160' title='bbox 637 3013 762 3112; x_wconf 89' lang='lat' dir='ltr'><strong>potuit</strong></span> <span class='ocrx_word' id='word_1_161' title='bbox 780 3031 818 3085; x_wconf 88' lang='lat' dir='ltr'><strong>et</strong></span> <span class='ocrx_word' id='word_1_162' title='bbox 832 3012 951 3110; x_wconf 87' lang='lat' dir='ltr'><strong>licuit,</strong></span> <span class='ocrx_word' id='word_1_163' title='bbox 972 3015 1125 3090; x_wconf 87' lang='lat' dir='ltr'><strong>alatere</strong></span> <span class='ocrx_word' id='word_1_164' title='bbox 1148 3033 1374 3110; x_wconf 36' lang='lat' dir='ltr'><strong>nostropcu-</strong></span> 
     </span>
     <span class='ocr_line' id='line_1_24' title="bbox 207 3108 1480 3220; baseline 0.005 -34"><span class='ocrx_word' id='word_1_165' title='bbox 207 3177 210 3186; x_wconf 76' lang='grc'><strong><em>,</em></strong></span> <span class='ocrx_word' id='word_1_166' title='bbox 291 3137 375 3188; x_wconf 83' lang='lat' dir='ltr'><strong>ram</strong></span> <span class='ocrx_word' id='word_1_167' title='bbox 395 3117 509 3188; x_wconf 87' lang='lat' dir='ltr'><strong>etiam</strong></span> <span class='ocrx_word' id='word_1_168' title='bbox 531 3115 672 3192; x_wconf 83' lang='lat' dir='ltr'><strong>habens</strong></span> <span class='ocrx_word' id='word_1_169' title='bbox 690 3141 875 3220; x_wconf 88' lang='lat' dir='ltr'><strong>personae</strong></span> <span class='ocrx_word' id='word_1_170' title='bbox 889 3139 1054 3216; x_wconf 84' lang='lat' dir='ltr'><strong>nostrae,</strong></span> <span class='ocrx_word' id='word_1_171' title='bbox 1075 3121 1167 3198; x_wconf 89' lang='lat' dir='ltr'><strong>dum</strong></span> <span class='ocrx_word' id='word_1_172' title='bbox 1184 3124 1224 3194; x_wconf 93' lang='lat' dir='ltr'><strong>in</strong></span> <span class='ocrx_word' id='word_1_173' title='bbox 1245 3108 1376 3194; x_wconf 87' lang='lat' dir='ltr'><strong>&#39;domi-</strong></span> <span class='ocrx_word' id='word_1_174' title='bbox 1478 3189 1480 3192; x_wconf 83' lang='lat'>.</span> 
     </span>
     <span class='ocr_line' id='line_1_25' title="bbox 292 3220 1462 3328; baseline 0.01 -32"><span class='ocrx_word' id='word_1_175' title='bbox 292 3220 365 3296; x_wconf 87' lang='lat' dir='ltr'><strong>bus</strong></span> <span class='ocrx_word' id='word_1_176' title='bbox 386 3223 528 3294; x_wconf 86' lang='lat' dir='ltr'><strong>nostris</strong></span> <span class='ocrx_word' id='word_1_177' title='bbox 548 3233 704 3328; x_wconf 77' lang='lat' dir='ltr'><strong>semper</strong></span> <span class='ocrx_word' id='word_1_178' title='bbox 722 3245 952 3320; x_wconf 87' lang='lat' dir='ltr'><strong>versaretur,</strong></span> <span class='ocrx_word' id='word_1_179' title='bbox 972 3229 1122 3320; x_wconf 87' lang='lat' dir='ltr'><strong>omnia,</strong></span> <span class='ocrx_word' id='word_1_180' title='bbox 1144 3253 1242 3328; x_wconf 89' lang='lat' dir='ltr'><strong>quae</strong></span> <span class='ocrx_word' id='word_1_181' title='bbox 1253 3225 1300 3300; x_wconf 89' lang='lat' dir='ltr'><strong>ad</strong></span> <span class='ocrx_word' id='word_1_182' title='bbox 1318 3252 1375 3297; x_wconf 84' lang='lat' dir='ltr'><strong>sa·</strong></span> <span class='ocrx_word' id='word_1_183' title='bbox 1459 3297 1462 3308; x_wconf 90' lang='lat'>.</span> 
     </span>
     <span class='ocr_line' id='line_1_26' title="bbox 168 3317 1376 3438; baseline 0.006 -39"><span class='ocrx_word' id='word_1_184' title='bbox 168 3369 173 3376; x_wconf 94' lang='lat'>·</span> <span class='ocrx_word' id='word_1_185' title='bbox 269 3317 413 3400; x_wconf 85' lang='lat' dir='ltr'><strong>&#39;intem</strong></span> <span class='ocrx_word' id='word_1_186' title='bbox 430 3324 602 3430; x_wconf 71' lang='lat' dir='ltr'><strong>corporis</strong></span> <span class='ocrx_word' id='word_1_187' title='bbox 619 3348 658 3404; x_wconf 90' lang='lat' dir='ltr'><strong>et</strong></span> <span class='ocrx_word' id='word_1_188' title='bbox 675 3356 859 3436; x_wconf 84' lang='lat' dir='ltr'><strong>personae</strong></span> <span class='ocrx_word' id='word_1_189' title='bbox 883 3333 1060 3427; x_wconf 85' lang='lat' dir='ltr'><strong>nostrae,</strong></span> <span class='ocrx_word' id='word_1_190' title='bbox 1087 3336 1376 3438; x_wconf 87' lang='lat' dir='ltr'><strong>pertinuerunt,</strong></span> 
     </span>
     <span class='ocr_line' id='line_1_27' title="bbox 294 3431 1377 3546; baseline 0.011 -44"><span class='ocrx_word' id='word_1_191' title='bbox 294 3431 397 3504; x_wconf 81' lang='lat' dir='ltr'><strong>iuxta</strong></span> <span class='ocrx_word' id='word_1_192' title='bbox 424 3435 624 3512; x_wconf 90' lang='lat' dir='ltr'><strong>modulum</strong></span> <span class='ocrx_word' id='word_1_193' title='bbox 653 3445 784 3513; x_wconf 84' lang='lat' dir='ltr'><strong>aetatis</strong></span> <span class='ocrx_word' id='word_1_194' title='bbox 813 3465 905 3516; x_wconf 87' lang='lat' dir='ltr'><strong>suae</strong></span> <span class='ocrx_word' id='word_1_195' title='bbox 929 3441 1138 3546; x_wconf 86' lang='lat' dir='ltr'><strong>prudenter</strong></span> <span class='ocrx_word' id='word_1_196' title='bbox 1181 3437 1377 3546; x_wconf 89' lang='lat' dir='ltr'><strong>prouidit,</strong></span> 
     </span>
     <span class='ocr_line' id='line_1_28' title="bbox 293 3537 1408 3648; baseline 0.01 -41"><span class='ocrx_word' id='word_1_197' title='bbox 293 3538 332 3608; x_wconf 93' lang='lat' dir='ltr'><strong>in</strong></span> <span class='ocrx_word' id='word_1_198' title='bbox 357 3546 502 3615; x_wconf 84' lang='lat' dir='ltr'><strong>cunctis</strong></span> <span class='ocrx_word' id='word_1_199' title='bbox 528 3546 642 3619; x_wconf 89' lang='lat' dir='ltr'><strong>etiam</strong></span> <span class='ocrx_word' id='word_1_200' title='bbox 660 3537 739 3645; x_wconf 83' lang='lat' dir='ltr'><strong>alys</strong></span> <span class='ocrx_word' id='word_1_201' title='bbox 750 3545 1042 3648; x_wconf 56' lang='lat' dir='ltr'><strong>rebusnostris2</strong></span> <span class='ocrx_word' id='word_1_202' title='bbox 1059 3549 1146 3637; x_wconf 79' lang='lat' dir='ltr'><strong>fidei</strong></span> <span class='ocrx_word' id='word_1_203' title='bbox 1169 3571 1408 3622; x_wconf 59' lang='lat' dir='ltr'><strong>eunocum—⁴</strong></span> 
     </span>
     <span class='ocr_line' id='line_1_29' title="bbox 293 3645 1381 3758; baseline 0.007 -42"><span class='ocrx_word' id='word_1_204' title='bbox 293 3645 443 3739; x_wconf 86' lang='lat' dir='ltr'><strong>missis,</strong></span> <span class='ocrx_word' id='word_1_205' title='bbox 479 3673 633 3725; x_wconf 90' lang='lat' dir='ltr'><strong>omnem</strong></span> <span class='ocrx_word' id='word_1_206' title='bbox 661 3651 902 3744; x_wconf 82' lang='lat' dir='ltr'><strong>fidelitatem,</strong></span> <span class='ocrx_word' id='word_1_207' title='bbox 935 3671 974 3728; x_wconf 93' lang='lat' dir='ltr'><strong>et</strong></span> <span class='ocrx_word' id='word_1_208' title='bbox 999 3654 1234 3758; x_wconf 86' lang='lat' dir='ltr'><strong>diligentiam</strong></span> <span class='ocrx_word' id='word_1_209' title='bbox 1265 3649 1381 3727; x_wconf 80' lang='lat' dir='ltr'><strong>nobis</strong></span> 
     </span>
     <span class='ocr_line' id='line_1_30' title="bbox 293 3751 1456 3865; baseline 0.01 -42"><span class='ocrx_word' id='word_1_210' title='bbox 293 3751 477 3845; x_wconf 87' lang='lat' dir='ltr'><strong>ostendit,</strong></span> <span class='ocrx_word' id='word_1_211' title='bbox 490 3756 765 3845; x_wconf 73' lang='lat' dir='ltr'><strong>etvbiriri&#39;h&#39;us</strong></span> <span class='ocrx_word' id='word_1_212' title='bbox 783 3775 820 3836; x_wconf 88' lang='lat' dir='ltr'><strong>et</strong></span> <span class='ocrx_word' id='word_1_213' title='bbox 832 3757 1033 3865; x_wconf 87' lang='lat' dir='ltr'><strong>prudentia</strong></span> <span class='ocrx_word' id='word_1_214' title='bbox 1046 3765 1188 3854; x_wconf 87' lang='lat' dir='ltr'><strong>creuit,</strong></span> <span class='ocrx_word' id='word_1_215' title='bbox 1207 3764 1247 3835; x_wconf 93' lang='lat' dir='ltr'><strong>in</strong></span> <span class='ocrx_word' id='word_1_216' title='bbox 1265 3785 1382 3835; x_wconf 83' lang='lat' dir='ltr'><strong>excr-</strong></span> <span class='ocrx_word' id='word_1_217' title='bbox 1452 3798 1456 3806; x_wconf 47' lang='lat'>¹</span> 
     </span>
     <span class='ocr_line' id='line_1_31' title="bbox 279 3856 1376 3970; baseline 0.013 -40"><span class='ocrx_word' id='word_1_218' title='bbox 279 3856 390 3954; x_wconf 78' lang='lat' dir='ltr'><strong>&#39;citys</strong></span> <span class='ocrx_word' id='word_1_219' title='bbox 416 3859 645 3940; x_wconf 86' lang='lat' dir='ltr'><strong>militaribus</strong></span> <span class='ocrx_word' id='word_1_220' title='bbox 681 3889 724 3938; x_wconf 86' lang='lat' dir='ltr'><strong>ac</strong></span> <span class='ocrx_word' id='word_1_221' title='bbox 755 3867 832 3966; x_wconf 84' lang='lat' dir='ltr'><strong>alys</strong></span> <span class='ocrx_word' id='word_1_222' title='bbox 852 3867 983 3968; x_wconf 25' lang='lat' dir='ltr'><strong>&#39;arduis</strong></span> <span class='ocrx_word' id='word_1_223' title='bbox 1021 3893 1206 3970; x_wconf 85' lang='lat' dir='ltr'><strong>negocys,</strong></span> <span class='ocrx_word' id='word_1_224' title='bbox 1230 3867 1376 3946; x_wconf 71' lang='lat' dir='ltr'><strong>&lt;Curiae</strong></span> 
     </span>
     <span class='ocr_line' id='line_1_32' title="bbox 293 3963 1379 4079; baseline 0.013 -44"><span class='ocrx_word' id='word_1_225' title='bbox 293 3979 448 4038; x_wconf 84' lang='lat' dir='ltr'><strong>nostrae</strong></span> <span class='ocrx_word' id='word_1_226' title='bbox 467 3963 681 4044; x_wconf 52' lang='lat' dir='ltr'><strong>decus‘esse</strong></span> <span class='ocrx_word' id='word_1_227' title='bbox 697 3973 838 4077; x_wconf 85' lang='lat' dir='ltr'><strong>coepit,</strong></span> <span class='ocrx_word' id='word_1_228' title='bbox 851 3967 1079 4074; x_wconf 83' lang='lat' dir='ltr'><strong>Legationes</strong></span> <span class='ocrx_word' id='word_1_229' title='bbox 1092 3976 1195 4070; x_wconf 88' lang='lat' dir='ltr'><strong>adiit,</strong></span> <span class='ocrx_word' id='word_1_230' title='bbox 1206 3992 1245 4052; x_wconf 85' lang='lat' dir='ltr'><strong>et</strong></span> <span class='ocrx_word' id='word_1_231' title='bbox 1260 4001 1379 4079; x_wconf 90' lang='lat' dir='ltr'><strong>prae-</strong></span> 
     </span>
     <span class='ocr_line' id='line_1_33' title="bbox 219 4066 1409 4184; baseline 0.018 -41"><span class='ocrx_word' id='word_1_232' title='bbox 219 4079 221 4082; x_wconf 81' lang='grc'><strong>’</strong></span> <span class='ocrx_word' id='word_1_233' title='bbox 294 4069 416 4172; x_wconf 88' lang='lat' dir='ltr'><strong>cipue.</strong></span> <span class='ocrx_word' id='word_1_234' title='bbox 432 4066 524 4147; x_wconf 87' lang='lat' dir='ltr'><strong>duas</strong></span> <span class='ocrx_word' id='word_1_235' title='bbox 544 4076 622 4148; x_wconf 80' lang='lat' dir='ltr'><strong>rias</strong></span> <span class='ocrx_word' id='word_1_236' title='bbox 649 4104 802 4179; x_wconf 84' lang='lat' dir='ltr'><strong>magnas</strong></span> <span class='ocrx_word' id='word_1_237' title='bbox 829 4095 868 4154; x_wconf 86' lang='lat' dir='ltr'><strong>et</strong></span> <span class='ocrx_word' id='word_1_238' title='bbox 892 4083 1122 4175; x_wconf 77' lang='lat' dir='ltr'><strong>laboriosam,</strong></span> <span class='ocrx_word' id='word_1_239' title='bbox 1151 4097 1223 4184; x_wconf 90' lang='lat' dir='ltr'><strong>pro</strong></span> <span class='ocrx_word' id='word_1_240' title='bbox 1253 4081 1409 4164; x_wconf 57' lang='lat' dir='ltr'><strong>Nobis0</strong></span> 
     </span>
     <span class='ocr_line' id='line_1_34' title="bbox 294 4179 1379 4291; baseline 0.014 -42"><span class='ocrx_word' id='word_1_241' title='bbox 294 4191 480 4279; x_wconf 75' lang='lat' dir='ltr'><strong>etre&#39;gno</strong></span> <span class='ocrx_word' id='word_1_242' title='bbox 498 4179 599 4253; x_wconf 81' lang='lat' dir='ltr'><strong>lecit·</strong></span> <span class='ocrx_word' id='word_1_243' title='bbox 628 4181 793 4286; x_wconf 80' lang='lat' dir='ltr'><strong>Primam</strong></span> <span class='ocrx_word' id='word_1_244' title='bbox 822 4212 909 4260; x_wconf 85' lang='lat' dir='ltr'><strong>cum</strong></span> <span class='ocrx_word' id='word_1_245' title='bbox 940 4187 1171 4266; x_wconf 85' lang='lat' dir='ltr'><strong>Reuerendo</strong></span> <span class='ocrx_word' id='word_1_246' title='bbox 1195 4189 1379 4291; x_wconf 29' lang='lat' dir='ltr'><strong>*Georgi&#39;o</strong></span> 
     </span>
     <span class='ocr_line' id='line_1_35' title="bbox 189 4275 1380 4394; baseline 0.02 -44"><span class='ocrx_word' id='word_1_247' title='bbox 189 4341 192 4350; x_wconf 82' lang='grc'>,</span> <span class='ocrx_word' id='word_1_248' title='bbox 261 4325 263 4334; x_wconf 69' lang='lat'><em>,</em></span> <span class='ocrx_word' id='word_1_249' title='bbox 295 4281 518 4390; x_wconf 80' lang='lat' dir='ltr'><strong>Praeposito</strong></span> <span class='ocrx_word' id='word_1_250' title='bbox 560 4289 958 4394; x_wconf 80' lang='lat' dir='ltr'><strong>Quinqucecclesiensi</strong></span> <span class='ocrx_word' id='word_1_251' title='bbox 1003 4275 1051 4372; x_wconf 90' lang='lat' dir='ltr'><strong>ad</strong></span> <span class='ocrx_word' id='word_1_252' title='bbox 1086 4293 1380 4389; x_wconf 76' lang='lat' dir='ltr'><strong>Smenissimuus</strong></span> 
     </span>
    </p>
   </div>
   <div class='ocr_carea' id='block_1_7' title="bbox 0 0 1491 4904">
    <p class='ocr_par' dir='ltr' id='par_1_8' title="bbox 0 0 1491 4904">
     <span class='ocr_line' id='line_1_36' title="bbox 0 0 1491 4904; baseline 0 0"><span class='ocrx_word' id='word_1_253' title='bbox 0 0 1491 4904; x_wconf 95' lang='lat' dir='ltr'><strong> </strong></span> 
     </span>
    </p>
   </div>
  </div>
 </body>
</html>
