2968 4904
342 377 394 462 ss
625 335 631 470 j

246 563 252 586 l
291 579 427 694 ipsiusv
443 581 552 686 regni
576 553 825 682 Sclbuoniae,
850 553 987 668 danius
1022 605 1061 664 et
1079 589 1296 698 'praecipue
1317 585 1383 664 iu·

285 697 392 772 rium
421 717 558 776 eorum
584 691 876 790 alienationem,
912 697 1195 802 percepissent,
1225 696 1319 771 dum
1348 695 1402 770 si'

188 845 202 877 ,-
262 825 361 906 ,Ρετ
399 797 585 904 amplius,
612 797 782 902 praelata
812 827 948 878 eorum
966 805 1140 906 ‘antiqua
1169 817 1381 878 consuetu-

287 907 383 982 dine
424 923 462 982 et
493 904 682 984 electione
707 909 882 1016 ipsorum
913 908 1317 1000 Protonotariorum‚·
1340 921 1382 982 vt

286 1009 541 1128 praedicitur,
561 1009 761 1090 obseruata
771 1017 1039 1120 priuarentur,
1057 1013 1383 1107 formidarentur,
1465 1069 1467 1072 -

222 1175 225 1196 .
268 1120 417 1200 multis
438 1143 487 1194 ex
510 1120 570 1194 eis
598 1119 743 1196 maiora
779 1119 977 1216 scandala,
1015 1122 1147 1224 peiora
1186 1118 1383 1224 prioribus
1435 1147 1438 1154 ¹

80 1238 82 1250 '
116 1236 119 1246 '
170 1267 172 1274 ·
198 1222 231 1288 0
289 1223 526 1302 infuturum
552 1225 592 1300 in
612 1226 690 1300 suis
712 1225 862 1304 iuribus
881 1253 992 1334 posse
1011 1229 1178 1304 credine.
1207 1224 1380 1315 Quibus,

290 1333 389 1408 sicut
413 1329 650 1436 praefertur,
677 1330 883 1410 declaratis.
899 1331 1015 1436 ydem
1053 1331 1215 1412 Nobiles
1248 1331 1384 1420 nobis,
1452 1404 1461 1423 ,

196 1477 199 1486 v
292 1455 475 1539 tunquam
495 1461 700 1540 personum
721 1439 962 1520 serenissimi
984 1439 1193 1542 Principis,
1225 1434 1401 1512 Domini¹
1460 1458 1466 1475 ·

230 1545 232 1550 ’
290 1543 435 1637 nostri,
457 1541 528 1620 Dei
553 1546 695 1648 gratia,
717 1569 968 1624 romanorum
990 1547 1093 1650 regis
1116 1569 1269 1646 semper
1298 1543 1385 1644 Au-

120 1649 124 1661 ’
266 1645 413 1756 .gusti,
439 1674 483 1724 ac
503 1653 745 1752 Hungariae‚
768 1653 999 1748 Bohemiae,
1022 1650 1248 1740 Delmatiae,
1280 1649 1385 1724 Cro·
1474 1639 1476 1680 ³

290 1759 388 1841 utine
416 1769 487 1834 etc.
512 1759 634 1864 regis,
658 1759 813 1838 Domini
826 1761 948 1834 nostri
963 1760 1144 1834 naturalis
1155 1781 1386 1862 repraesen-

234 1900 249 1960 ιἱ
293 1861 483 1953 tantibus,
513 1863 799 1967 supplicarunt,
821 1866 971 1968 stipsis
992 1866 1094 1943 cirea
1113 1863 1319 1967 praeniissa
1338 1858 1392 1936 de
1477 1939 1478 1944 ,

222 1965 245 2038 f
293 1966 487 2061 remedio,
509 1969 585 2042 iuri
608 1994 797 2067 consono,
814 1965 1389 2076 dignaremnrprouidereNos
1478 2015 1479 2026 2

294 2074 448 2174 itaque,
476 2077 543 2174 qui
562 2075 662 2152 inter
676 2081 768 2158 alias
790 2080 910 2184 ipsios
929 2079 1056 2180 regiae
1080 2075 1292 2152 Maiestatis
1314 2100 1385 2148 so·
1477 2111 1480 2174 3

290 2169 531 2275 licitudines,
559 2201 719 2264 curaset
740 2210 918 2270 curarum
939 2178 1148 2290 peruigiles'
1173 2179 1389 2272 instantias,

294 2312 368 2392 per
383 2311 453 2360 nos
475 2285 523 2364 de
541 2288 662 2391 ipsius
680 2291 809 2396 regiae
826 2289 1034 2366 Maiestatis
1053 2289 1324 2366 commissione
1344 2300 1385 2360 ct

294 2394 524 2488 annuentis,
553 2395 933 2500 specialiexpcdien.
963 2395 1011 2472 ad
1046 2394 1271 2488 huiusmodi
1300 2417 1383 2466 rem

285 2497 508 2622 publicam,
520 2525 723 2579 commune
742 2503 899 2604 bonum,
918 2500 1142 2580 concernen.
1160 2519 1293 2590 curam
1312 2522 1382 2572 so·-
1480 2499 1482 2506 ’

292 2606 435 2683 licitam
457 2611 839 2707 tenemurexlribcre3
862 2605 1084 2710 eorumdem
1098 2607 1297 2686 Nobilium
1312 2603 1382 2678 de·
1480 2609 1482 2616 ’

297 2712 569 2790 derationibus
595 2719 818 2818 praemisso
847 2715 985 2792 ordine
1015 2713 1151 2807 lactis,
1179 2709 1318 2788 auditis
1344 2725 1384 2786 et

288 2815 530 2914 intellectis,
559 2821 672 2924 proin
700 2821 916 2898 huiusmodi
954 2821 1264 2909 Protonotarios,
1314 2839 1384 2892 seu
1481 2899 1482 2908 χ

290 2942 577 3004 conseruatores
594 2927 829 3026 sigillorum,
845 2928 983 3004 timore
1003 2925 1230 3032 priuationis
1249 2921 1384 2998 huius·

287 3031 393 3108 modi
424 3028 634 3112 officiorum
659 3059 820 3108 suorum
840 3034 983 3140 percul.
1005 3031 1231 3126 eorumdem
1253 3027 1289 3102 N
1292 3027 1383 3121 obi·

202 3233 204 3240 y
288 3137 386 3216 lium
402 3160 603 3214 causarum
628 3137 892 3239 processibus,
929 3157 970 3216 et
997 3164 1104 3216 mera
1135 3139 1279 3214 iustitia
1304 3134 1383 3208 mi-

288 3243 759 3348 nistran·'mugis,eisdem
771 3245 975 3322 Nobilibus
993 3247 1205 3320 Comitatus
1217 3241 1380 3316 Crisien.
1406 3229 1413 3249 '

290 3373 454 3426 annuen.
467 3365 508 3456 et
525 3351 729 3428 concedes.
745 3354 823 3428 imo
842 3353 1104 3430 annuimuset
1119 3349 1382 3440 concedimus,

288 3472 333 3532 vt
360 3453 538 3533 videlicet
566 3459 723 3535 amodo
738 3460 778 3534 in
796 3477 997 3562 posterum
1017 3455 1159 3532 futuris
1186 3455 1380 3556 tempori·-

281 3563 358 3640 bus
380 3563 593 3658 uniuersis,
615 3565 721 3644 iuxta
741 3590 878 3642 eorum
908 3568 1105 3670 antiquam
1128 3560 1383 3639 consuetudi-

284 3695 397 3765 nem,
423 3691 522 3770 quue
547 3697 619 3772 per
645 3669 833 3774 quosdam
851 3671 992 3777 ¹ipsius'
1009 3671 1116 3770 regni
1151 3668 1383 3744 Scleuooiae

284 3775 423 3870 Bonos,
437 3790 477 3846 vt
499 3773 726 3876 praefertur,
740 3806 763 3852 a
780 3777 1009 3878 quibusdam
1022 3775 1263 3878 praecedent.
1276 3791 1384 3848 tem·-

286 3875 445 3992 poribus
469 3881 609 3981 priuati
621 3899 661 3958 ct
678 3882 850 3960 destituti
872 3880 958 3960 lore
987 3880 1262 3985 perhibentur,
1287 3879 1382 3952 Pro.

181 4026 188 4038 ·
287 3989 532 4078 annonarios,
559 4013 626 4068 seu
647 4006 936 4066 consecratores
958 3989 1189 4090 sigillorum,
1202 4016 1277 4092 pro
1298 3983 1384 4060 dis·
1471 4060 1476 4074 ,

285 4098 461 4182 cessione
482 4115 678 4171 causarum
697 4096 893 4198 ipsorum,
914 4095 969 4170 sis
996 4119 1066 4196 per
1086 4118 1155 4169 nos
1166 4110 1205 4168 et
1227 4095 1382 4165 futuros
1467 4146 1470 4152 .

258 4203 456 4284 reiusdem
485 4194 595 4305 regui
622 4197 853 4278 &laconiae
885 4201 1010 4276 Baros
1030 4201 1321 4304 assignatarum,
1345 4215 1384 4276 et
