2968 4904
195 409 384 522 „sa

156 617 158 622 ’
279 618 469 700 Dominus
503 635 639 688 eorum
667 613 977 703 ministraretur,
1013 608 1105 710 quin
1132 609 1181 686 sd
1208 615 1378 691 solutio·

280 755 372 806 nem
399 717 617 798 huiusmodi
645 719 834 796 collectae·
855 713 1121 798 mardurinalis
1144 719 1306 796 minime
1327 740 1379 798 te·
1451 762 1452 765 ¹

206 859 212 867 ·
265 840 485 919 'nerentur‚
504 827 641 940 prouti
659 829 772 902 etiam
785 852 856 902 nec
873 824 921 899 ab
940 824 1101 923 antiquo
1120 844 1300 928 tempore
1314 828 1379 902 di-

250 996 254 1011 .
328 942 357 1016 ti
384 937 615 1028 extitissent,
630 935 672 1006 in
697 930 866 1007 medium
887 931 1054 1004 aliorum
1088 930 1134 1007 sd
1152 933 1376 1036 *soluendus

279 1045 403 1124 dictos
429 1057 642 1146 prouentus
670 1038 964 1128 attraherentur,
977 1053 1017 1112 et
1032 1040 1375 1141 compellerentur,

280 1169 321 1232 et
341 1152 443 1228 vltra
470 1146 587 1240 haec,
609 1161 785 1250 tempore
800 1144 1008 1218 exactionis
1025 1138 1246 1220 huiusmodi
1267 1156 1379 1222 mar*

281 1251 701 1348 durinarum‚'diuersa
729 1250 907 1326 victualia
947 1245 1168 1324 hominibus
1197 1269 1238 1328 et
1263 1256 1379 1350 equis
1453 1301 1454 1304 π

279 1363 494 1442 necessaria
512 1385 583 1463 per
609 1358 721 1433 villas
740 1359 780 1430 in
801 1351 919 1432 rebus'
940 1362 984 1430 'ac
1008 1357 1048 1428 in
1079 1357 1252 1457 pecuniis
1275 1362 1377 1458 vltra

275 1469 453 1546 debitum
476 1467 745 1568 exigerentur,
773 1462 985 1562 multisque
1005 1461 1091 1536 aliis
1110 1462 1274 1538 diuersis
1302 1463 1379 1542 ad·
1449 1462 1453 1473 '

272 1571 562 1654 inuentionibus
584 1569 732 1648 incolae
752 1568 844 1644 dicti
869 1569 1014 1670 regni
1040 1571 1210 1644 nostri
1232 1567 1291 1646 Sc
1306 1573 1377 1646 la·
1447 1582 1453 1598 ’

175 1729 179 1746 ·
250 1683 479 1775 ronias,
513 1693 561 1754 et
594 1676 886 1752 Comitatus
935 1674 1373 1778 specialiteng·

273 1786 549 1894 grrbiensis
583 1767 1079 1886 pratffimffireamr'e'i
1099 1771 1379 1888 opprimerem·

270 1917 357 1987 tur?
377 1892 565 1992 'qu‘od'in'
582 1885 792 1966 maximum
806 1884 1087 1991 praeiudicium
1101 1889 1274 1992 ipsorum
1285 1892 1377 1968 No·

272 2000 413 2080 bilium
444 2012 485 2073 et
511 1994 882 2100 possessionntorum
912 1991 1112 2068 homiuum
1140 1995 1268 2088 cedit,
1302 2025 1377 2100 op,-

279 2105 600 2214 pressionemque
622 2126 835 2205 pauperum
866 2116 982 2198 atque
1002 2100 1196 2195 dumnum;
1219 2105 1375 2208 suppli·

190 2245 192 2250 ·
212 2261 218 2276 ι
275 2209 606 2310 erueruntitaque
615 2205 778 2314 praefati
787 2205 915 2282 nuncii
928 2205 1006 2281 suis
1023 2221 1063 2280 ot
1079 2209 1258 2300 aliorum,
1269 2237 1377 2314 quo-
1449 2255 1458 2282 .÷

278 2344 369 2396 rum
395 2342 513 2420 supra
548 2312 770 2390 nominihus
815 2310 978 2388 Nostrae
1011 2305 1204 2389 Maiestati
1236 2315 1375 2394 humili

218 2443 222 2450 '
280 2447 441 2534 precum
487 2424 698 2514 instantia,
740 2435 784 2494 vt
830 2417 975 2495 eisdem
1016 2419 1118 2494 cirea
1161 2449 1378 2524 praemssn·

275 2530 398 2634 regali
430 2527 690 2638 subleupmine
718 2527 999 2630 prouideamus.
1029 2523 1142 2602 Vnde
1165 2555 1257 2622 nos,
1305 2533 1374 2632 qui

276 2654 505 2717 cunctorum
533 2653 754 2732 nostrorum
772 2633 1036 2728 subditorum,
1063 2631 1176 2706 nobis
1201 2635 1374 2714 fidelium

277 2769 326 2823 cx
348 2745 470 2821 officio
494 2741 614 2818 nostri
639 2741 838 2857 regiminis
864 2763 972 2816 casus
999 2737 1154 2821 vberius
1175 2738 1247 2847 'per
1272 2767 1375 2820 con-

182 2883 183 2888 *
277 2869 387 2926 sueta
412 2848 583 2928 remedia
618 2843 857 2939 reformare,
895 2869 939 2920 ac
974 2845 1113 2921 iniuste
1140 2850 1311 2948 grauatis
1334 2871 1375 2930 et
1479 2889 1482 2900 ·

277 2956 472 3059 oppressis
488 2958 592 3056 regia
605 2951 847 3056 prouidentia
860 2951 1029 3028 solemus
1045 2951 1263 3049 subuenire,
1276 2981 1374 3058 sup-

279 3059 552 3166 plicationibus
574 3058 882 3163 praedictorum,
906 3059 1024 3160 regali
1049 3059 1191 3160 pietate
1212 3062 1376 3138 exaudi·
1476 3100 1481 3113 =

283 3171 353 3258 tis,
380 3184 419 3266 et
442 3168 651 3242 clementer
669 3163 866 3254 admissis,
887 3166 1065 3243 volumus
1074 3219 1085 3260 ,
1130 3185 1176 3266 vt
1208 3192 1229 3241 a
1254 3169 1375 3250 modo

283 3273 467 3377 deinceps
487 3272 574 3348 etin
596 3287 793 3374 posterum
803 3271 1018 3352 huiusmodi
1033 3291 1244 3376 prouentus
1267 3299 1378 3356 mar*
1406 3265 1408 3274 ¹

280 3375 473 3456 durinales
495 3379 535 3454 in
559 3377 664 3452 dicto
687 3403 808 3480 regno
835 3393 968 3454 nostro
997 3373 1312 3458 Solanoniae
1336 3399 1377 3458 et

171 3509 173 3516 ’
242 3481 245 3485 ’
283 3486 543 3564 Comitatu
578 3482 1376 3591 Zagrabiensi‚iuxtudispositionem

284 3589 452 3668 serenis.
484 3590 679 3692 quondam
700 3590 916 3694 Principis,
946 3591 991 3664 D.
1015 3588 1247 3693 Sigismundi
1275 3595 1375 3700 lmp.

180 3697 188 3724 ⁸
283 3714 324 3809 ep
349 3696 713 3800 regisHunga-riae,
741 3699 802 3772 aui
820 3697 956 3792 nostri,
978 3695 1266 3796 eodemmodo,
1293 3693 1378 3804 quo

258 3876 261 3882 .
311 3820 496 3880 rouentus
523 3806 620 3880 lucri
657 3807 840 3910 Camenae
867 3813 1047 3898 nostrae,
1075 3807 1115 3877 in
1150 3805 1223 3882 hoc
1250 3833 1376 3910 regno
1467 3811 1469 3818 ’

282 3833 526 4014 ilungariae,
544 3909 731 4003 dicantur,
753 3915 975 4015 erigantur3
989 3927 1031 3986 vt
1050 3912 1213 4012 proinde
1240 3917 1377 3991 asub-

280 4017 370 4092 ditis
394 4042 552 4120 quoque
578 4018 719 4092 nostris
740 4043 838 4092 nnus
860 4017 1030 4120 florenos
1049 4019 1153 4112 auri,
1171 4036 1238 4093 aut
1264 4023 1376 4098 valor

280 4122 477 4218 eiusdem,
496 4126 716 4224 sinesliqua
739 4128 918 4202 nouitatis
932 4123 1176 4217 inductione,
1204 4147 1377 4205 consue-

279 4247 319 4305 to
348 4248 521 4333 tempore
544 4234 729 4334 exigatur.
758 4232 845 4324 Quo
865 4231 965 4308 circa
981 4227 1277 4310 vobisfidelihus
1296 4259 1374 4327 no*
