2914 4926
1078 407 1190 520 3⁹1

93 614 315 725 aedificavi,
333 643 377 708 et
400 627 495 710 hauc
518 629 561 712 ’8.
592 629 706 753 Petrp
733 633 1176 738 (Quinqueacclasiansi)

94 765 143 814 ac
169 735 340 844 praefato
359 741 540 850 episcopo
557 739 696 842 Mauro
715 743 999 840 commendavi,
1028 761 1072 820 ut
1090 745 1200 840 inde·

95 849 311 950 semperin
331 865 485 948 promtu
507 849 759 952 presbiterum
784 846 961 925 habear
976 853 1065 946 Quo
1095 853 1183 929 loro

94 953 304 1031 Ecclesiam
323 951 363 1028 S.
382 953 576 1030 Michaelis
588 958 688 1030 iutra
712 957 941 1033 Dravumet
960 956 1095 1031 Savum
1107 955 1181 1032 flu·-

94 1062 200 1140 mina
225 1059 409 1164 positam,
427 1085 525 1170 quae
548 1066 588 1136 in
608 1059 929 1141 Archidiaconatu
949 1062 996 1139 de
1024 1064 1180 1167 Oziagh‚
1269 1110 1274 1116 ·

95 1193 167 1243 scu
184 1164 410 1261 Esvzehiensi,
431 1167 679 1262 censebatur,
699 1170 874 1275 intelligi,
900 1171 1058 1250 omnino
1087 1198 1185 1250 con*

94 1271 425 1356 slat—Rursum
443 1275 549 1350 alibi:
573 1275 746 1377 „Rogavi
770 1280 897 1372 etiam,
917 1277 993 1374 ait,
1020 1280 1182 1380 gratiam

93 1379 354 1460 Dominarum
373 1379 547 1460 meorum
574 1383 838 1486 gloriosissimi
871 1382 1047 1461 Andreae
1077 1386 1179 1487 regia
1194 1419 1207 1484 .'

94 1503 136 1560 at
153 1490 286 1590 optimi
307 1489 416 1568 ducis
436 1488 658 1584 Adalberti,
678 1510 750 1592 ego
778 1488 888 1570 liudo
907 1491 1112 1582 Palatinus,
1131 1507 1176 1564 ut

93 1597 372 1670 monasterium
397 1617 524 1672 meum
540 1595 580 1674 8.
604 1597 1219 1702 Demeuiisuparzavum.
1307 1667 1328 1680 ,,
1404 1663 1406 1671 s

91 1695 273 1796 fluvium,
294 1703 406 1804 quod'
419 1705 546 1781 multis
564 1702 709 1781 bellicis
730 1696 952 1799 laboribus,
967 1729 1072 1800 oum
1108 1719 1184 1776 to·

92 1819 141 1884 ta
169 1812 431 1918 provincia
449 1807 565 1902 illa,
585 1807 712 1906 sancte
730 1835 875 1887 corone
894 1809 1097 1886 rectificavi
1135 1823 1177 1882 at
1256 1885 1259 1896 ,

81 1913 235 1992 iterum
264 1919 473 2020 acquisivi,
507 1905 599 2019 q'uia
624 1914 722 1992 illud
746 1917 1020 1994 monasterium
1043 1932 1102 1992 ast
1140 1915 1181 1990 in

93 2027 289 2128 provincia
312 2023 352 2105 S.
367 2025 472 2100 Petri
484 2024 907 2128 ‘Quinqueecclesicnsi
929 2024 1028 2098 sicut
1046 2023 1087 2098 in
1101 2023 1182 2124 spi«
1211 2043 1216 2054 ’

92 2131 322 2226 ritualibus,
351 2133 402 2209 ita
422 2133 535 2206 etiam
563 2131 772 2234 temporalo
804 2129 1048 2222 dominium,
1075 2127 1183 2232 quod
1238 2121 1246 2145 '

93 2259 167 2336 ego
184 2237 289 2314 Rado
308 2239 346 2312 in
371 2236 442 2312 illo
471 2238 606 2332 habeo,
626 2235 731 2339 quod
754 2237 1002 2314 Patronatum
1027 2250 1193 2326 vocant,

90 2339 181 2416 dedi
203 2345 316 2418 etiam
344 2343 484 2423 Sancto
504 2347 619 2423 Petro
642 2343 1039 2444 Quinqueecclosienai
1058 2341 1183 2417 etPa-
1254 2361 1274 2411 ,’

91 2450 146 2528 tri
167 2465 301 2525 nostro
326 2448 516 2552 Episcopo
550 2451 725 2528 Mauro.“
755 2449 830 2536 llic¹
856 2475 949 2550 ergo
977 2444 1181 2528 manifeste
1252 2433 1257 2458 ¹

91 2569 256 2640 testatur
288 2556 559 2634 monasterium
591 2549 748 2656 aliquod
768 2553 815 2630 ad
836 2554 976 2630 Savum
997 2558 1112 2629 situm
1137 2553 1178 2632 in
1273 2641 1275 2644 ,

91 2657 1180 2764 pmmfflmmmemfflmanm

90 2769 211 2876 ipsam
225 2765 355 2847 Dravo
369 2783 406 2842 et
419 2765 519 2841 Savo
531 2765 861 2870 comprehensam,
871 2712 918 2840 ari

90 2875 177 2948 iure
188 2891 385 2975 spectasse,
410 2899 571 2974 eamque
594 2873 782 2977 perditam
796 2871 974 2974 aliquado
995 2873 1041 2947 ab
1060 2898 1179 2948 sere-a

89 2979 438 3082 cuperatam.Quod
450 2977 698 3056 clarissimum
711 2994 780 3069 est,
794 2978 990 3078 hungarici
1006 2979 1177 3062 Dravum
1317 3059 1320 3068 ,

87 3085 191 3167 iuter
208 3104 246 3163 ct
266 3085 408 3168 Savum
428 3103 516 3164 anta
538 3086 577 3170 8.
600 3084 765 3170 Ladialai
799 3105 972 3194 tempora
996 3084 1175 3167 domina*
1218 3151 1227 3160 .

90 3207 153 3270 tus
180 3189 459 3296 argumentum}
526 3207 529 3286 j
586 3217 617 3300 ι,
1009 3273 1012 3276 .

1 3366 2 3369 ,
189 3304 229 3398 2)
245 3300 476 3406 Repugnant
498 3297 739 3380 diversorum
759 3297 1044 3388 Historicorum
1064 3299 1174 3373 tasti÷

88 3407 236 3486 monia:
258 3407 373 3484 Belua
402 3410 575 3484 notarius
593 3410 617 3486 l.
637 3435 669 3485 c.
698 3407 790 3508 Cap.
813 3407 944 3480 ‘ii-*5
978 3405 1177 3508 perhibet:
1252 3453 1257 3462 ·

87 3511 319 3613 „bulgariae
336 3514 443 3590 Duce
466 3511 513 3586 ad
535 3515 673 3594 Albam
704 3513 905 3616 bulgariae
933 3511 1177 3594 victo-*se*

90 3619 218 3696 cundo
242 3619 305 3695 dia
321 3617 399 3700 dux
418 3619 619 3720 Bulgariac
638 3622 742 3696 misit
773 3620 935 3704 nuncios
970 3643 1058 3695 suos
1088 3643 1176 3700 cum

1 3790 2 3793 ,
87 3721 250 3802 diversis
271 3727 382 3803 donis
400 3725 448 3800 ad
471 3719 628 3804 Lelu'ea
653 3725 822 3818 Bulsun,
858 3743 974 3832 atque
1001 3725 1177 3820 Botond,
1226 3755 1230 3764 ⁴

942 2765 1182 2866 Hungariaai
1339 2771 1342 2778 '

88 3847 131 3906 et
156 3831 383 3938 depracatus
402 3857 480 3924 eos,
496 3850 539 3914 ut
557 3837 638 3938 paci
654 3831 887 3927 favet-auter
899 3835 1178 3936 insuperman-
1299 3891 1301 3899 ,

88 3933 210 4032 davit,
229 3937 335 4040 quod
361 3957 509 4046 partem
527 3935 652 4016 Seiani
681 3941 800 4016 Ducis
818 3941 994 4034 avunculi
1017 3941 1074 4012 sui
1097 3964 1183 4043 nou¹

86 4039 241 4122 foveret
253 4103 264 4141 ‚
293 4045 359 4122 sed
381 4043 538 4149 Arpado
565 4047 652 4125 duci
673 4044 836 4124 fideliter
856 4049 1038 4138 serviret,
1058 4063 1096 4127 et
1110 4051 1180 4118 an·
1259 4067 1261 4071 ’

88 4151 204 4229 nuale
226 4153 387 4255 vectigal
415 4153 665 4260 persolveret.
691 4153 752 4228 Illi
766 4162 869 4236 ivaro
885 4153 969 4258 paci
992 4151 1178 4245 faventes,
1308 4245 1312 4250 ‚

89 4260 295 4374 proprium
313 4261 429 4346 Ducis
446 4259 620 4345 liliumiu
648 4260 788 4376 pignus
808 4261 1061 4371 accipientes,
1090 4285 1179 4344 cum
1274 4296 1301 4366 j
