2968 4904
196 323 472 454 ’12Ι

220 644 233 677 a
293 591 339 650 Ex
354 587 554 652 documentis
569 589 708 654 familiae
719 593 882 654 Zrinianac
902 592 933 654 in
945 586 1088 654 orch'iao
1104 595 1258 656 Camenae
1271 591 1348 656 cxi-

334 673 501 736 stcntibus.
516 708 564 742 ,-
576 676 763 740 inferiorem
776 677 979 756 Slauoniam,
1004 677 1060 740 vbi
1069 676 1221 754 Vodicza,
1231 677 1264 738 in
1293 665 1351 735 dil
1451 736 1455 745 ,

334 759 462 822 strictus
473 762 499 818 Z
507 781 524 820 a
535 780 578 820 ra
590 781 608 822 e
621 783 657 822 ac
668 768 696 824 D
708 785 728 829 u
738 763 759 824 b
771 766 782 825 ἰ
792 763 887 824 cuae
910 762 1137 847 contiguitate,
1150 759 1349 836 fuisse,vide

336 843 562 908 (intumentum
578 845 610 904 in
631 846 989 930 Codic'uDiplomatico
1008 859 1101 911 tomo
1118 851 1154 908 11.
1177 844 1217 908 ad
1228 865 1346 906 annum

339 931 436 999 1197.
459 953 491 1012 p.
517 931 589 994 304.
617 933 698 1014 ⁸qu
852 984 858 993 .
1198 955 1201 961 ’

179 1133 180 1138 ’
213 1139 215 1146 ·
251 1119 313 1184 17.
332 1116 434 1182 Iidem
457 1119 589 1200 Cicutae
608 1119 796 1184 ''cortditione
814 1124 997 1186 donationis
1020 1121 1197 1200 militant;
1210 1119 1349 1208 esubditi

121 1226 124 1237 '
245 1277 248 1287 .
307 1249 312 1258 ¹
349 1245 388 1284 oc
405 1221 543 1304 hospites
553 1223 692 1306 ppaorum
718 1223 920 1292 mardurinis
936 1225 1147 1288 contribuunt·
1173 1224 1347 1288 Auttrt.
1449 1217 1453 1236 ⁶

347 1373 393 1450 In
413 1376 569 1452 nomine
588 1373 747 1450 Sanctae
763 1377 962 1454 Trinitatis
972 1393 1010 1453 et
1020 1373 1239 1450 indiuiduas
1250 1375 1350 1448 'vni-
1384 1435 1387 1442 .

132 1491 135 1497 ’
182 1497 187 1524 ’
254 1483 352 1558 tatis.
379 1481 493 1576 Boia,
525 1484 595 1558 Dei
623 1485 743 1584 gratia
778 1484 889 1575 Rex,
920 1483 1201 1586 Primogenitus
1242 1479 1370 1580 regis-

257 1589 503 1692 Hnugariae,
525 1589 725 1668 Vniuersis
750 1606 994 1692 praesentem
1016 1592 1192 1696 pagiuam
1212 1589 1350 1688 inspe-

180 1749 183 1756 -
256 1701 375 1772 cruris
395 1697 616 1788 salutemet
636 1697 808 1796 gratiam.
839 1693 1008 1797 Dignum
1024 1714 1082 1775 est
1099 1713 1139 1771 ct
1156 1695 1259 1770 omni
1280 1719 1349 1765 ra·
1467 1781 1470 1792 ι

253 1804 350 1876 tioni
372 1817 691 1894 consentaneum,
709 1819 752 1876 vt
775 1800 847 1897 bis,
868 1806 937 1904 qui
959 1803 1201 1905 Principibus
1231 1825 1350 1874 suum

239 1932 329 2012 ,pro
342 1926 516 2012 tempore
527 1906 711 1984 exhibent
734 1909 981 2012 obsequium,
1007 1913 1063 1985 sui
1074 1907 1216 1984 laboris
1228 1930 1345 2012 prae-

252 2016 333 2090 mio
360 2040 439 2110 non
461 2011 714 2108 fraudentur,
752 2018 985 2123 praecipue,
1025 2035 1066 2092 vt
1105 2017 1167 2088 alii
1210 2037 1351 2090 eorum
1458 2095 1461 2104 ¹

180 2187 185 2198 ,
254 2121 433 2222 exemplo
459 2121 507 2202 ad
526 2117 737 2196 indefessae
758 2121 950 2198 fidelitatis
982 2123 1232 2197 constantiam
1256 2117 1346 2192 ani·
1440 2205 1446 2220 .

250 2235 409 2302 nitentur
428 2251 545 2326 quos
575 2225 718 2302 laboris
747 2229 805 2302 sui
845 2229 1013 2304 viderint
1033 2229 1207 2332 praemia
1240 2248 1376 2300 asse··
1439 2259 1443 2266 ·

252 2350 375 2410 cutus.
396 2312 498 2428 Hinc
541 2351 618 2429 est,
653 2334 761 2436 quod
787 2335 918 2411 Radus
952 2352 992 2412 et
1019 2335 1157 2410 fratres
1186 2335 1267 2410 eius
1298 2331 1349 2406 de
1449 2386 1469 2407 ,.

60 2519 63 2526 ,
228 2439 453 2543 'Klohocbe
500 2483 553 2495 -
600 2482 654 2498 -
702 2483 754 2496 -
799 2444 867 2541 qui
917 2441 965 2518 de
1009 2442 1098 2517 filiis
1132 2437 1349 2541 Jobbagio-

68 2589 71 2596 ·
133 2591 136 2596 ·
171 2637 175 2649 Ι
250 2574 344 2622 num
374 2547 502 2624 Sancti
531 2549 631 2650 regis
661 2545 709 2624 de
732 2542 876 2627 'Goriza
904 2549 1058 2624 oriundi
1076 2544 1256 2638 fuerunt,
1296 2538 1349 2618 ob

75 2721 78 2728 .
131 2681 133 2684 ’
250 2651 444 2730 fidelitatis
488 2680 577 2730 suae
620 2656 830 2752 meritum,
875 2679 953 2756 qua
1002 2655 1102 2730 Patri
1137 2657 1269 2749 nostro
1307 2670 1350 2728 et

127 2753 136 2762 ’
250 2762 362 2848 nobis¹
406 2762 649 2858 seruierunt,
693 2776 797 2855 tanta
840 2759 1028 2836 donamus
1077 2761 1350 2868 praerogatiua

231 2879 233 2884 ’
250 2863 458 2961 libertatis,
478 2887 520 2944 vt
536 2886 614 2944 tam
635 2871 731 2972 ipsi,
753 2895 869 2968 quam
883 2867 930 2942 ab
943 2870 1037 2974 ipsis
1057 2870 1351 2970 inperpetuum

251 2973 607 3066 descendentes,de
634 2975 752 3050 domo
773 2992 814 3050 et
830 2973 975 3048 familia
995 2991 1124 3049 nostra
1145 2973 1192 3048 de
1216 2991 1350 3048 cetero

251 3096 494 3156 censeantur.
524 3079 673 3166 Quibus
696 3069 808 3155 etiam
831 3079 1237 3161 terramdeKlokocze
1256 3107 1349 3184 per-

252 3203 368 3292 petua
390 3184 816 3264 donauimuslib'ertate.
830 3187 964 3288 Itaque
978 3187 1024 3262 de
1038 3207 1166 3263 cetero
1184 3188 1347 3262 adident
1377 3279 1383 3287 .
1452 3261 1455 3266 .

209 3319 212 3326 ·
253 3295 402 3371 dictum
421 3293 586 3366 castrum
605 3293 757 3370 nulium
778 3293 940 3370 babeant
966 3313 1194 3400 respectum.
1205 3295 1348 3369 Terrae

146 3444 150 3454 ·
247 3415 537 3476 autemeorum
564 3397 768 3474 his'metis
796 3401 1086 3503 distinguuntur
1114 3420 1184 3476 etc.
1224 3401 1359 3475 Porro

184 3529 192 3542 ‘
250 3505 451 3607 hospites,
481 3531 579 3606 quos
598 3505 783 3612 praedicti
809 3507 920 3582 liberi
945 3506 1121 3584 homines
1141 3507 1348 3583 habuerint
1461 3583 1463 3594 ,

251 3611 352 3686 infra
370 3629 491 3688 metas
505 3621 508 3630 '
520 3609 786 3716 praescriptas,
800 3613 964 3690 decem
993 3615 1238 3691 denarios
1266 3611 1349 3688 de·
1468 3683 1472 3693 .

146 3717 155 3728 “
250 3715 1124 3825 beutpersoluereannuatimpr‘u
1156 3721 1349 3795 Martu-
1467 3765 1471 3773 ·

198 3819 202 3829 ¹
253 3826 396 3922 rinis3
435 3825 529 3900 duas
556 3845 684 3932 partes
712 3853 844 3904 earum
873 3821 1200 3920 marturinarnm,
1229 3828 1347 3901 totius

43 3943 49 3960 '
127 3999 129 4005 .
207 3997 212 4007 .
251 3933 523 4024 terraeillius,
552 3931 1114 4038 (lucendum-pertinebant,
1147 3933 1277 4008 Radus
1307 3949 1347 4008 et

252 4039 457 4116 heredibus
478 4038 562 4141 ejus
583 4039 756 4115 dedimus
784 4043 1095 4144 inperpetuum,
1125 4065 1197 4146 pro
1218 4039 1347 4114 fidelia

254 4164 351 4239 tate,
374 4165 418 4222 et
437 4146 672 4222 multimodis
686 4149 870 4222 seruitiis
891 4147 994 4222 Patri
1015 4148 1150 4225 nostro
1171 4166 1210 4222 et
1231 4143 1346 4233 nobis

254 4253 301 4336 ab
327 4281 374 4374 eo
407 4247 564 4356 collatis.
594 4254 755 4356 Quoties
803 4280 898 4331 vcro
927 4277 1083 4343 necesse
1123 4252 1265 4348 fuerit,
1295 4254 1345 4328 in
