2914 4926
975 487 976 494 ἵ
1082 399 1129 471 'ii
1258 426 1262 444 ·

18 533 45 584 t.
665 545 690 568 a
910 571 914 580 .

17 583 31 676 i
101 623 145 688 et
166 605 283 686 Paria
301 589 488 687 iratribus
521 607 694 708 uterinis,
725 631 813 684 cum
826 607 1103 713 ,procuratoriis
1132 609 1185 696 tt,-

16 705 18 782 ἷ
101 719 199 794 teris
215 718 360 793 nostris
380 733 419 802 et
439 712 606 818 Capituli
632 710 823 802 Ecclesiae
845 705 1060 807 Bosnensis‚
1086 713 1214 792 ino?
1292 784 1297 799 ,

16 875 17 882 1
93 824 222 898 -ctavis
251 821 349 920 ‘festi
381 821 423 898 Β.
447 815 580 922 iacobi
609 819 805 926 Apostoli,
832 818 873 894 in
899 845 997 894 anno
1026 819 1196 898 Domini·
1259 905 1261 914 y
1419 871 1421 882 .

48 984 55 994 .
103 927 408 1004 McchXXV.
425 923 673 1036 praeteritis,
702 925 814 1025 iuxta
833 927 1105 1003 continentiam
1135 928 1189 1001 li·
1268 969 1269 974 κ
1388 941 1391 947 ’
1445 947 1450 958 ·

56 1021 62 1032 ’
102 1035 424 1140 ιεωῑυω,ἰρείιιε
453 1032 618 1142 Capituli
651 1032 854 1110 Bosnensis
878 1029 1189 1110 evocatoriarum
1332 1071 1335 1078 ’

106 1140 364 1246 simplicium,
395 1123 443 1218 ad
467 1161 637 1219 nostram
684 1135 882 1217 venientes
912 1143 1187 1248 praesentiam,

15 1255 19 1262 ’
103 1265 240 1325 contra
257 1244 465 1343 ioannem,
481 1249 608 1326 'filium
630 1242 746 1322 Micb.
773 1245 821 1321 de
851 1247 970 1344 Gara,
1001 1245 1189 1348 quasdam

21 1433 25 1438 ,
102 1353 199 1432 duas
218 1357 371 1452 literas,
402 1383 516 1433 unam
546 1355 638 1453 dicti
668 1354 831 1461 Capituli
852 1353 1129 1448 evocatoriam,
1151 1369 1191 1432 et

101 1463 220 1540 aliam
245 1459 662 1564 nosnamjudicialem
687 1462 728 1536 in
753 1459 913 1540 diversis
942 1461 1124 1554 terminis,
1146 1460 1188 1550 in
1214 1539 1217 1544 ,

101 1593 203 1646 anno
236 1589 327 1646 tunc
348 1571 558 1670 praeterito
586 1567 803 1666 confectas,
828 1587 1000 1645 asserens
1021 1566 1189 1648 suamet
1230 1591 1231 1598 ’

82 1668 300 1760 ¹dictorum
326 1671 672 1768 fratrumsuorum
691 1676 881 1754 actionem
912 1671 1093 1752 adversus
1108 1673 1110 1676 ’
1125 1671 1190 1748 di·
1305 1759 1310 1766 .
1394 1709 1399 1722 ·

101 1800 212 1858 ctum
232 1781 420 1860 Joannem
446 1783 571 1862 filium
599 1779 716 1862 Micb.
745 1777 1035 1887 proponendam
1062 1781 1187 1856 literis

99 1893 144 1964 in
164 1885 306 1963 eisdem
323 1881 544 1988 contineri,
565 1891 677 1967 nobis
700 1907 1027 1994 praesentaverat,
1057 1877 1190 1963 decia-

97 2011 231 2072 rantes
259 1996 360 2071 inter
385 2012 523 2094 cetera,
551 1997 770 2104 quodcum
794 1996 845 2071 M.
860 1993 998 2102 Pardus
1017 1991 1188 2070 deLisz-
1265 2009 1270 2030 ¹

98 2102 177 2178 bor
193 2099 245 2178 ob
262 2105 606 2182 contradictionem
633 2121 673 2184 et
700 2099 970 2178 inhibitionem
1002 2127 1190 2208 quarum·-

11 2255 14 2260 -
97 2207 191 2283 dam
211 2211 496 2313 possessionum
515 2207 1089 2316 PachyntaetLiget-Pacbinta
1116 2229 1191 2284 vo-
1269 2253 1274 2264 ·

99 2329 294 2407 catarum,
310 2317 350 2386 in
380 2315 441 2390 Va
450 2319 567 2396 'ikov
586 2317 853 2410 existentium,
874 2335 953 2423 'per
973 2315 1188 2422 praefatum
1302 2311 1309 2346 '⁶

96 2419 319 2498 Dominum
351 2439 530 2502 nostrum
556 2427 703 2530 Regem
724 2426 880 2502 nomine
901 2425 960 2498 sui
996 2425 1091 2498 iuris
1120 2446 1189 2498 re·-

97 2523 203 2628 galis
233 2525 306 2650 sibi
337 2545 525 2630 perpetuo
563 2531 802 2621 collatarum,
841 2529 1030 2606 Joannem
1064 2527 1188 2602 illium
1306 2565 1321 2608 ,ι

99 2629 221 2710 Micb.
239 2631 287 2708 de
308 2631 488 2708 Pechinta
509 2637 703 2737 legitimae
721 2636 911 2710 citationis
938 2635 1098 2710 modum
1118 2631 1190 2712 ob-

101 2733 314 2832 servando,
339 2741 488 2839 regiam
517 2743 558 2815 in
586 2742 838 2848 praesentiam
869 2743 1089 2817 attraxisset
1114 2755 1188 2832 etc,
1227 2737 1229 2742 ’

99 2844 253 2935 Quibus
282 2845 406 2920 literis
427 2847 669 2936 exhibitis--
696 2874 768 2950 pro
796 2875 843 2929 eo
866 2873 1045 2924 unacum
1069 2847 1189 2922 Prae·-
1261 2865 1263 2870 '
1297 2879 1299 2888 ’

99 2951 209 3046 latis,
229 2951 465 3049 Batonibus,
485 2971 525 3030 et
544 2962 651 3057 regni
670 2953 898 3031 Proceribus
926 2953 1126 3032 nobiscum
1146 2951 1189 3024 in

101 3057 245 3134 iudicio
265 3056 498 3156 sedentibus,
513 3065 758 3166 praemissam
772 3078 949 3166 quartam
969 3057 1189 3168 partemdi-
1339 3143 1344 3162 ἱ
1379 3123 1382 3130 ,

98 3179 250 3241 ciarum
272 3169 574 3269 posssessionum
596 3169 668 3246 sub
682 3172 975 3274 praemissarum
996 3183 1222 3250 metarum,
1272 3167 1273 3170 ’
1342 3165 1344 3172 '

102 3269 206 3349 vallo
233 3271 346 3348 dictis
379 3273 466 3348 filiis
484 3272 650 3352 Simonis
681 3282 861 3362 statutam
884 3275 1026 3352 eisdem
1052 3291 1091 3353 et
1115 3299 1187 3349 eo-
1362 3265 1365 3282 '
1426 3287 1429 3295 '

104 3406 193 3456 rum
212 3379 437 3465 haeredibus
458 3381 645 3460 universis
663 3398 750 3458 cuin
781 3376 957 3460 omnibus
984 3384 1062 3461 suis
1083 3380 1191 3456 utili-

103 3485 254 3560 tatibus
271 3502 310 3564 et
331 3491 590 3591 pertinentiis,
630 3491 788 3592 reliquis
816 3491 939 3564 tribus
962 3491 1039 3566 suis
1065 3489 1190 3596 parti«
1243 3475 1244 3482 ἵ

103 3591 177 3670 bus
192 3683 194 3690 y
207 3608 388 3669 annotato
409 3593 559 3691 ioanni,
576 3595 655 3670 filio
676 3596 884 3689 Michaelis,
901 3613 944 3671 et
957 3583 1072 3691 ¹aliisi,
1101 3593 1190 3694 qui-

103 3699 178 3776 bus
191 3716 389 3802 congruet,
400 3719 589 3806 perpetuo
600 3701 757 3795 relictis,
778 3701 1064 3804 reliquimus,et
1075 3726 1187 3776 com-
1212 3769 1215 3774 .
1239 3741 1244 3754 ·

104 3809 277 3882 misimus
305 3808 346 3908 in
371 3823 603 3914 perpetuum
623 3809 845 3915 possidere,
870 3827 1014 3907 tenere,
1043 3810 1188 3914 pariter
1288 3890 1295 3898 ,

105 3930 145 3988 et
163 3912 321 4008 habere,
350 3915 462 3990 salvis
486 3914 634 3990 iuribus
653 3915 799 3996 alienis.
832 3917 876 3991 In
897 3918 1003 3994 cuius
1026 3917 1082 3992 rei
1102 3940 1188 3990 me·
1236 3935 1237 3940 ’

44 4035 47 4040 ’
104 4021 289 4116 moriam,
321 4019 616 4124 firmitatemque
647 4037 873 4133 perpetuam
890 4041 1114 4130 praesentes
1137 4022 1188 4094 li·
1239 4089 1242 4100 .

38 4155 46 4172 ·
104 4143 207 4202 teras
230 4145 378 4205 nostras
401 4127 660 4232 privilegiales
687 4121 888 4234 pendentis
917 4148 959 4211 et
982 4127 1188 4206 authentici

106 4234 221 4338 sigilii
242 4237 362 4311 nostri
379 4221 586 4320 munimine
604 4234 801 4356 roboratas
822 4236 932 4314 dictis
951 4235 1038 4346 filiis
1059 4233 1189 4310 Simo·
1223 4265 1228 4272 “

796 4453 798 4459 Δ
811 4467 822 4477 'x

841 4538 861 4644 b

863 4652 867 4661 t
