2968 4904
332 400 407 496 ,90

300 619 423 698 nostri
452 619 673 699 Solanoniae
689 616 951 711 deeimasanni
965 619 1163 721 'praeteriti
1185 618 1307 696 modo
1320 610 1417 694 stt-5·

149 723 151 741 '
244 773 250 780 -
299 717 431 830 parius
457 753 660 832 expresso,
697 728 803 804 iuxta
845 725 1144 802 moderationem
1175 745 1214 803 et
1239 726 1394 800 limita-

282 836 447 932 tionem
477 839 518 907 in
540 835 754 938 priuilegiis
779 831 963 906 diuorum
994 824 1213 934 Hungariae
1235 855 1393 934 >regum

301 956 542 1038 contentam,
563 957 603 1016 et
623 959 793 1016 nostram
813 936 1390 1036 iudiciariamoommissionem,

301 1073 373 1152 per
394 1048 555 1148 populos
574 1047 627 1123 ‘et
654 1045 923 1146 Jobbagyone's
955 1069 1043 1118 suos
1069 1045 1237 1146 persolui
1267 1043 1393 1119 iacere

282 1205 288 1214 ·
302 1151 526 1228 noluissent.
540 1153 815 1242 'Quamobrem
836 1148 1026 1252 praefatus
1039 1151 1233 1226 Dominus·
1247 1149 1301 1224 Os
1309 1151 1395 1230 val-

300 1256 372 1336 dus
391 1258 598 1364 Episcopus
617 1257 729 1335 dictis
757 1255 892 1332 ineolis
922 1273 961 1338 at
988 1255 1190 1334 Nobilibus
1229 1257 1393 1330 Comi-

304 1379 497 1443 tatuum
516 1364 907 1470 praedictorum,
936 1361 1393 1464 tanqusmindebitisde·

300 1473 487 1548 simarum
509 1472 788 1564 retentoribus,
816 1471 1108 1544 ecclesiasticum
1136 1469 1389 1547 interdictum

301 1579 444 1678 ubique
459 1563 731 1682 imposuisset,
751 1601 868 1680 aquo
893 1577 965 1680 ipsi
989 1577 1036 1650 ad
1049 1570 1407 1700 Apostolioamse?

301 1684 390 1760 dem
408 1684 675 1790 appellassent.
693 1685 788 1758 Cum
808 1685 927 1786 igitur
941 1691 1243 1786 percepissemus
1265 1683 1395 1756 ratio·

190 1822 195 1830 ·
302 1818 354 1870 ne
381 1792 676 1894 praemissarum
714 1780 947 1864 decimarum
984 1799 1157 1890 coeptam
1193 1790 1313 1864 semel
1354 1803 1395 1862 et

302 1901 512 1974 extinctam
531 1898 642 1974 litem
664 1900 800 1973 iterato
817 1891 1130 1988 renouarisetin
1143 1893 1215 1970 hoo
1234 1915 1311 1970 non
1323 1920 1392 1968 so-

304 2003 384 2078 lum
405 2003 574 2106 partibus
594 2005 684 2104 ipsis
704 2027 841 2102 graues
856 1999 1076 2106 impendere
1099 1999 1251 2077 labores
1271 2019 1310 2076 et
1329 2025 1395 2076 ex·

305 2132 462 2218 pensas,
490 2109 555 2184 sed
576 2106 902 2186 consuetudinales
932 2107 1097 2184 libertati
1117 2107 1232 2208 *regui
1267 2105 1395 2184 nostri

282 2241 383 2290 ·non
404 2212 594 2290 mediocre
613 2205 1085 2319 praeiudiciumirrogari3
1106 2218 1302 2316 cupientes
1322 2238 1397 2316 pe·

310 2323 413 2396 nitus
434 2336 473 2398 et
490 2322 529 2394 in
550 2323 762 2403 totolitem
790 2317 885 2398 bene
906 2321 1005 2402 inter
1027 2337 1153 2424 partes
1184 2319 1395 2422 praedictas

280 2431 284 2438 ’
305 2428 552 2528 extinguere,
578 2447 617 2505 et
633 2430 855 2532 consopire,
872 2429 1078 2532 praecipuo
1106 2451 1222 2518 sero,
1244 2451 1294 2502 ne
1309 2429 1395 2530 ipse

309 2535 501 2612 Dominus
525 2533 738 2640 Episcopus
762 2550 800 2611 et
814 2537 874 2613 sui
903 2559 1142 2614 successores
1177 2529 1396 2626 huiusmodi

304 2643 434 2718 litibus
450 2643 613 2743 amplius
626 2641 811 2746 impediti,
829 2642 1037 2716 maioribus
1049 2642 1159 2742 regni
1182 2641 1302 2744 nostri
1316 2665 1393 2717 ne-

303 2749 419 2852 gotiis
440 2748 673 2848 incumbent.
691 2749 812 2824 libere
822 2751 961 2823 'vacare
983 2763 1199 2846 nequeant,
1226 2745 1395 2847 commi-

302 2879 473 2932 seramus
492 2856 664 2956 partibns
687 2855 888 2959 praedictis
901 2908 922 2947 ,s
938 2871 980 2928 vt
1001 2855 1137 2930 iterato
1154 2857 1193 2926 in
1209 2851 1395 2926 Domini-

303 2961 474 3040 caramie
495 2962 918 3066 palmarum,proxime
930 2962 1147 3064 praeterita,
1163 2973 1295 3037 coram
1318 2981 1396 3032 no·
1479 3027 1482 3034 .

296 3085 381 3144 'stra
403 3065 602 3142 Maiestate
623 3095 665 3144 ac
690 3069 866 3143 Dominis
895 3067 1078 3144 Praelatis
1109 3085 1150 3142 et
1175 3064 1392 3139 Beronibus

264 3174 550 3274 2regni¹nostri
571 3173 1045 3280 comparerodebuissent3
1063 3171 1108 3246 ad
1129 3169 1394 3276 quemtermi-

192 3369 200 3388 ‚
244 3353 245 3363 ,
303 3281 532 3352 numetiam
560 3283 746 3380 usquein
775 3297 1023 3384 praesentem,
1052 3278 1392 3384 seriemquartam
1433 3292 1437 3298 “

303 3384 540 3566 proximam,
556 3407 641 3462 ante
659 3385 798 3490 festum
816 3385 860 3462 Β.
880 3385 1033 3490 Georgy
1046 3383 1251 3488 Martyris,
1286 3384 1395 3458 inco—

270 3559 282 3583 ,
320 3507 419 3568 aetat
444 3491 598 3570 Nobiles
618 3493 710 3568 dieti
728 3495 971 3596 regninostri
993 3491 1216 3570 Selauouiae
1230 3490 1395 3573 ¹Comi·-

218 3617 223 3632 ‘
307 3599 931 3705 ta‘tuumpraediotorum,
963 3601 1191 3704 sufficienter
1220 3623 1290 3702 per
1322 3621 1394 3670 nos

122 3711 125 3719 “
276 3727 277 3731 ’
303 3708 509 3806 exspectati
526 3761 536 3800 ‚
556 3723 724 3783 nostram
743 3708 781 3782 in
799 3709 1052 3810 praesentiam
1078 3733 1154 3782 non
1177 3717 1387 3794 venerunt,

304 3835 430 3910 raeque
457 3816 660 3910 miserunt,
680 3819 843 3916 ipsoque
865 3814 1030 3891 Domino
1048 3809 1212 3888 Osvaldo
1233 3810 1395 3909 Episco-

305 3943 356 4018 po
376 3937 657 4006 ooramnostra
682 3919 879 3994 Maiestate
899 3917 1126 3997 assidam-at·
1144 3916 1395 3991 reuerendis-

200 4063 202 4074 Α
259 4085 263 4097 ,
299 4027 425 4115 simis,
441 4025 663 4100 reuerendis
682 4028 721 4101 in
744 4025 897 4104 Christo
919 4027 1113 4118 Patribus,
1137 4015 1395 4126 loanneEpi-

298 4150 413 4234 scopo
433 4130 619 4220 Ecclesiae
641 4133 860 4235 Agriensis,
881 4151 918 4208 et
939 4133 1127 4237 postulato
1148 4129 1385 4232 strigonien.

303 4237 481 4333 Gabriele
494 4235 804 4343 ‘Arrhiepiscopo
820 4238 1043 4332 salonensi,
1065 4238 1188 4316 altero
1211 4231 1410 4312 Gabriele
