2914 4926
1162 309 1165 319 l

1091 387 1094 398 ι

928 401 1063 478 'tt

691 444 822 492 Ι,

666 535 908 552 vr,
1143 537 1152 546 n

24 611 261 720 pfflnnotati.
287 609 402 686 Anno
427 580 815 706 nomtnt-Mtttestlno,
838 583 1124 714 trecentesimo,

10 719 221 823 'vigesimo
236 709 384 821 quinto.
407 715 451 796 L.
472 721 510 794 S.
536 747 573 826 p.
591 723 671 802 Nos
683 737 754 796 etc.
775 737 1038 822 praenotatam
1060 725 1130 798 iu-
1254 771 1258 798 .

23 827 229 902 diciariam
248 825 475 900 sententiam
499 825 625 905 datam
646 829 695 906 de
723 845 826 907 tetra
852 825 1026 928 Turgusa
1054 857 1125 904 su·-

23 959 99 1040 pra
120 931 223 1008 dicta
243 957 331 1010 cum
353 934 532 1010 omnibus
549 938 626 1012 suis
650 930 831 1014 clausulis
851 936 1124 1039 approbamus,
1209 939 1212 945 ’

24 1039 281 1134 ratificamus,
303 1058 570 1145 acceptamus,
601 1061 641 1120 et
669 1043 881 1148 praesentis
904 1042 1033 1144 scripti
1057 1071 1126 1148 pa-

25 1144 199 1236 trocinio
224 1167 413 1250 perpetuo
434 1147 713 1240 confirmamus.
741 1150 787 1224 In
815 1149 923 1220 cuius
956 1150 1012 1220 re'i
1036 1177 1124 1226 me-

24 1257 192 1334 moriam
209 1271 281 1336 etc.
303 1255 444 1332 Datum
462 1253 639 1335 Secundo
659 1253 748 1332 Idus
773 1246 875 1328 Julii
894 1253 1007 1328 Anno
1034 1257 1122 1330 Do·
1224 1275 1229 1288 “

22 1363 124 1438 mini
144 1359 410 1450 MCCCXXV.
427 1362 537 1466 regni
562 1381 691 1442 autem
713 1364 833 1439 nostri
855 1388 956 1436 anno
983 1363 1122 1464 simili-
1179 1409 1184 1420 ·

22 1483 89 1548 ter
105 1467 236 1548 XXV.
265 1483 339 1544 etc«
1061 1469 1064 1474 “

127 1575 464 1654 accesimus
491 1575 747 1655 Verberet
777 1567 956 1652 Nicotaus
979 1569 1120 1652 Palati-
1155 1631 1158 1640 .

21 1705 100 1758 nus
129 1684 365 1760 exactionem
384 1680 519 1758 tributi
539 1678 778 1761 Eszelriensis
801 1681 842 1753 in
859 1677 1011 1774 formet
1024 1688 1123 1786 por&
1188 1704 1191 1714 ·

24 1787 147 1866 tubus
168 1780 335 1864 Danubii
358 1814 401 1865 ac
424 1789 564 1886 Dravl,
591 1789 695 1866 inter
712 1786 909 1890 Abbatem
922 1787 970 1864 de
984 1789 1123 1872 Caika·

26 1897 105 1972 dor
121 1921 166 1989 ac
194 1893 377 1972 familiam
399 1894 447 1974 de
468 1895 631 1998 Korogb
650 1911 937 1972 controversam
962 1897 1121 1974 ordina-

23 2018 139 2080 verat
157 2000 207 2076 A·
232 1997 345 2080 1555.
366 1997 516 2080 Literaa
532 2001 647 2078 buius
673 1999 898 2080 transumsit
921 1999 1122 2080 Ladislaus

22 2105 622 2188 deGaraPalatlriusA.1454.
654 2107 749 2188 cod.
776 2107 882 2210 Dipt.
915 2101 1025 2188 Tom.
1054 2110 1126 2186 tx..

22 2213 121 2290 vot.
144 2213 193 2292 ΙΙ.
216 2245 253 2323 p.
277 2219 367 2292 lli.
394 2215 536 2292 Sensus
557 2215 783 2294 earundem:
806 2211 1123 2310 „NosLadislaus
1188 2241 1192 2258 ·
1255 2237 1259 2248 ’

22 2324 76 2402 de
98 2321 202 2396 Gara
221 2324 333 2426 regni
356 2323 578 2426 Hungarlae
608 2324 800 2406 Palatinus
829 2341 868 2399 et
896 2321 1021 2398 ludex
1042 2326 1123 2400 Cu-

24 2453 235 2508 manorum
253 2431 461 2506 memoriac
491 2429 805 2506 commendamus
836 2446 970 2506 tenore
1007 2459 1124 2534 praes·

26 2536 226 2626 sentium,
246 2533 394 2636 quibus'
406 2531 585 2638 expedit,
607 2537 806 2610 universis
823 2533 950 2622 ¹Quod
979 2535 1125 2614 Alben-
1258 2535 1262 2544 ’

21 2660 91 2722 tus
119 2639 168 2718 de
185 2637 418 2734 Lultafalva,
438 2662 510 2746 pro
528 2639 737 2718 venerabili
767 2663 812 2713 ac
830 2639 1012 2742 religioso
1037 2643 1125 2720 Do·-

20 2750 139 2828 mino
159 2741 359 2843 Emericm
389 2745 541 2828 Abbate
561 2742 785 2822 Monasterii
807 2741 855 2820 dc
881 2745 1012 2840 Esaels,
1038 2749 1121 2824 sive
1161 2827 1167 2841 ,

20 2855 79 2932 dc
102 2850 315 2947 Czilrador‚
345 2879 433 2930 cum
456 2845 734 2960 procuratoriis
759 2849 881 2926 literis
900 2851 1122 2931 Conventus

21 2957 366 3038 Pecbvaradiensis
387 2960 494 3038 iuxta
519 2960 794 3036 continentiam
816 2955 1016 3034 literarum
1044 2985 1120 3035 no·-

22 3085 199 3148 strarum
218 3063 473 3172 procurator.
526 3068 567 3142 in
606 3055 749 3142 octavis
779 3061 868 3140 festi
898 3065 1004 3142 Beati
1037 3065 1120 3142 Mi·a
1137 3075 1156 3100 ''
1235 3137 1238 3144 .

24 3167 174 3254 chattis
194 3170 426 3276 Archangeli
449 3173 626 3277 proxime
662 3173 902 3278 praeteritis,
928 3173 968 3246 in
988 3172 1138 3278 ‘figura
1200 3203 1223 3274 ῃ

24 3281 153 3373 nostri
175 3276 306 3358 iudicii
325 3277 596 3384 comparando,
618 3297 750 3354 contra
769 3275 1018 3386 Magnificum
1033 3283 1120 3360 Do-

25 3388 382 3473 minumloannem
408 3384 456 3462 de
478 3383 661 3487 Koroglr,
690 3381 841 3478 Bonum
868 3383 1118 3470 Machovien-

24 3521 131 3589 sem,
148 3513 189 3574 et
205 3495 417 3600 Gasparum
440 3491 565 3570 lilium
592 3491 775 3585 eiusdem,
794 3513 1048 3597 proposuerat
1069 3517 1119 3567 eo
1213 3585 1219 3590 .

25 3599 167 3678 modo:
187 3601 307 3692 'Quod
330 3601 418 3676 lieet
434 3599 552 3676 totale
584 3598 795 3694 tributum,
827 3621 894 3672 seu
929 3601 1117 3676 telonium
1145 3621 1153 3636 ²

23 3727 110 3786 tam
132 3708 172 3784 io
200 3710 315 3784 terris
339 3731 455 3806 quam
476 3707 517 3778 in
555 3705 688 3808 aquis,
723 3703 880 3808 siugulis
911 3703 1044 3802 diebus
1075 3704 1116 3779 in

58 3816 270 3891 assessioue
288 3813 392 3894 Ezels
411 3812 510 3914 exigi
530 3827 772 3905 consvetum,
786 3809 995 3888 Ecclesiam
1006 3807 1049 3886 Β.
1059 3807 1117 3885 Μ.

11 3845 203 4024 abieginis
219 3919 267 3995 de
293 3919 395 3998 dicta
416 3917 539 4012 Ensis,
560 3933 600 3994 et
619 3943 692 4022 per
716 3915 791 3992 boc
812 3914 1000 3996 Abbatem
1018 3917 1111 3996 dicti

28 4025 257 4104 Monasterii
274 4029 388 4127 certis
410 4026 531 4104 literis
549 4025 806 4102 Dominarum
836 4025 1115 4126 regum'Hun-

25 4137 157 4236 garine
184 4147 388 4210 concernat
398 4147 468 4231 ‚²ct
484 4157 636 4235 semper
654 4129 700 4204 ad
713 4133 992 4238 possessionem
1009 4135 1114 4208 eins*
1222 4125 1225 4146 ¹

27 4245 116 4316 dem
135 4242 357 4322 monasterii
369 4239 419 4318 cle
445 4241 557 4335 tzet,
574 4223 692 4340 Kuny
704 4253 890 4334 vocatam,
909 4238 1114 4344 pertinuit5
1197 4341 1207 4344 =
1274 4305 1278 4312 .
1322 4265 1346 4310 .·

734 4345 889 4438 μβ
